{
    "products": [
        {
            "product_uid": "8145317",
            "favourite_uid": null,
            "eans": [
                "8006540994269"
            ],
            "product_type": "BASIC",
            "name": "Fairy Original Green Washing Up Liquid with Lift Action 320ml",
            "image": "https://www.sainsburys.co.uk/wcsstore/ExtendedSitesCatalogAssetStore/images/catalog/productImages/69/8006540994269/8006540994269_L.jpeg",
            "image_zoom": null,
            "image_thumbnail": "https://www.sainsburys.co.uk/wcsstore/ExtendedSitesCatalogAssetStore/images/catalog/productImages/69/8006540994269/8006540994269_M.jpeg",
            "image_thumbnail_small": "https://www.sainsburys.co.uk/wcsstore/ExtendedSitesCatalogAssetStore/images/catalog/productImages/69/8006540994269/8006540994269_S.jpeg",
            "full_url": "https://www.sainsburys.co.uk/shop/gb/groceries/product/details/fairy-original-green-washing-up-liquid-with-lift-action-320ml",
            "unit_price": {
                "price": 3.13,
                "measure": "ltr",
                "measure_amount": 1
            },
            "retail_price": {
                "price": 1,
                "measure": "unit"
            },
            "is_available": true,
            "promotions": [],
            "associations": [],
            "is_alcoholic": false,
            "is_spotlight": false,
            "is_intolerant": false,
            "is_mhra": false,
            "badges": [],
            "labels": [
                {
                    "label_uid": "LOW EVERYDAY PRICE",
                    "text": "LOW EVERYDAY PRICE",
                    "alt_text": "LOW EVERYDAY PRICE",
                    "color": "#D70000",
                    "link_opens_in_new_window": false
                }
            ],
            "zone": null,
            "department": null,
            "reviews": {
                "is_enabled": true,
                "product_uid": "8145317",
                "total": 2655,
                "average_rating": 4.8113
            },
            "breadcrumbs": [],
            "assets": {
                "plp_image": "https://assets.sainsburys-groceries.co.uk/gol/8145317/image.jpg",
                "images": [],
                "video": []
            },
            "description": [],
            "important_information": [
                "The above details have been prepared to help you select suitable products. Products and their ingredients are liable to change.",
                "\u003cstrong\u003eYou should always read the label before consuming or using the product and never rely solely on the information presented here.",
                "If you require specific advice on any Sainsbury's branded product, please contact our Customer Careline on 0800 636262. For all other products, please contact the manufacturer, whose details will appear on the packaging or label. Sainsbury's is therefore unable to accept liability for any incorrect information.",
                "You should also note that the picture / images show only our serving suggestions of how to serve or prepare your food – all accessories and additional items and/or ingredients pictured with the product you are purchasing are not included.",
                "This information is supplied for your personal use only. It may not be reproduced in any way without the prior consent of Sainsbury's Supermarkets Ltd and due acknowledgement"
            ],
            "attachments": [],
            "categories": [
                {
                    "id": "210813",
                    "name": "Washing up liquids"
                },
                {
                    "id": "450352",
                    "name": "Christmas is coming"
                },
                {
                    "id": "488867",
                    "name": "Household"
                },
                {
                    "id": "488870",
                    "name": "All Price Lock"
                },
                {
                    "id": "607853",
                    "name": "Low everyday prices"
                }
            ],
            "attributes": {
                "brand": [
                    "Fairy"
                ]
            },
            "is_supply_chain_orderable": false,
            "display_icons": [
                "LOW EVERYDAY PRICE"
            ],
            "pdp_deep_link": "/shop/ProductDisplay?storeId=10151\u0026langId=44\u0026productId=1475968"
        },
        {
            "product_uid": "8038661",
            "favourite_uid": null,
            "eans": [
                "8001090283481",
                "8006540928684",
                "8700216304979",
                "8001841695563"
            ],
            "product_type": "BASIC",
            "name": "Fairy Non Bio Pods Washing Liquid Capsules 43 Washes",
            "image": "https://www.sainsburys.co.uk/wcsstore/ExtendedSitesCatalogAssetStore/images/catalog/productImages/79/8700216304979/8700216304979_L.jpeg",
            "image_zoom": null,
            "image_thumbnail": "https://www.sainsburys.co.uk/wcsstore/ExtendedSitesCatalogAssetStore/images/catalog/productImages/79/8700216304979/8700216304979_M.jpeg",
            "image_thumbnail_small": "https://www.sainsburys.co.uk/wcsstore/ExtendedSitesCatalogAssetStore/images/catalog/productImages/79/8700216304979/8700216304979_S.jpeg",
            "full_url": "https://www.sainsburys.co.uk/shop/gb/groceries/product/details/fairy-non-bio-pods-washing-liquid-capsules-40-washes",
            "unit_price": {
                "price": 10.45,
                "measure": "kg",
                "measure_amount": 1
            },
            "retail_price": {
                "price": 10.5,
                "measure": "unit"
            },
            "is_available": true,
            "promotions": [],
            "associations": [],
            "is_alcoholic": false,
            "is_spotlight": false,
            "is_intolerant": false,
            "is_mhra": false,
            "badges": [],
            "labels": [],
            "zone": null,
            "department": null,
            "reviews": {
                "is_enabled": true,
                "product_uid": "8038661",
                "total": 647,
                "average_rating": 4.7883
            },
            "breadcrumbs": [],
            "assets": {
                "plp_image": "https://assets.sainsburys-groceries.co.uk/gol/8038661/image.jpg",
                "images": [],
                "video": []
            },
            "description": [],
            "important_information": [
                "The above details have been prepared to help you select suitable products. Products and their ingredients are liable to change.",
                "\u003cstrong\u003eYou should always read the label before consuming or using the product and never rely solely on the information presented here.",
                "If you require specific advice on any Sainsbury's branded product, please contact our Customer Careline on 0800 636262. For all other products, please contact the manufacturer, whose details will appear on the packaging or label. Sainsbury's is therefore unable to accept liability for any incorrect information.",
                "You should also note that the picture / images show only our serving suggestions of how to serve or prepare your food – all accessories and additional items and/or ingredients pictured with the product you are purchasing are not included.",
                "This information is supplied for your personal use only. It may not be reproduced in any way without the prior consent of Sainsbury's Supermarkets Ltd and due acknowledgement"
            ],
            "attachments": [],
            "categories": [
                {
                    "id": "140651",
                    "name": "Household bigger packs"
                },
                {
                    "id": "209255",
                    "name": "All detergents \u0026 washing powder"
                },
                {
                    "id": "209258",
                    "name": "Capsules"
                },
                {
                    "id": "478352",
                    "name": "All essentials"
                },
                {
                    "id": "480353",
                    "name": "Bigger packs"
                },
                {
                    "id": "510370",
                    "name": "Baby laundry"
                },
                {
                    "id": "558855",
                    "name": "Back to uni"
                }
            ],
            "is_supply_chain_orderable": false,
            "display_icons": [],
            "pdp_deep_link": "/shop/ProductDisplay?storeId=10151\u0026langId=44\u0026productId=1371594"
        },
        {
            "product_uid": "8145310",
            "favourite_uid": null,
            "eans": [
                "8006540994337"
            ],
            "product_type": "BASIC",
            "name": "Fairy Original Green Washing Up Liquid with Lift Action 654ml",
            "image": "https://www.sainsburys.co.uk/wcsstore/ExtendedSitesCatalogAssetStore/images/catalog/productImages/37/8006540994337/8006540994337_L.jpeg",
            "image_zoom": null,
            "image_thumbnail": "https://www.sainsburys.co.uk/wcsstore/ExtendedSitesCatalogAssetStore/images/catalog/productImages/37/8006540994337/8006540994337_M.jpeg",
            "image_thumbnail_small": "https://www.sainsburys.co.uk/wcsstore/ExtendedSitesCatalogAssetStore/images/catalog/productImages/37/8006540994337/8006540994337_S.jpeg",
            "full_url": "https://www.sainsburys.co.uk/shop/gb/groceries/product/details/fairy-original-green-washing-up-liquid-with-lift-action-654ml",
            "unit_price": {
                "price": 3.06,
                "measure": "ltr",
                "measure_amount": 1
            },
            "retail_price": {
                "price": 2,
                "measure": "unit"
            },
            "is_available": true,
            "promotions": [],
            "associations": [],
            "is_alcoholic": false,
            "is_spotlight": false,
            "is_intolerant": false,
            "is_mhra": false,
            "badges": [],
            "labels": [
                {
                    "label_uid": "LOW EVERYDAY PRICE",
                    "text": "LOW EVERYDAY PRICE",
                    "alt_text": "LOW EVERYDAY PRICE",
                    "color": "#D70000",
                    "link_opens_in_new_window": false
                }
            ],
            "zone": null,
            "department": null,
            "reviews": {
                "is_enabled": true,
                "product_uid": "8145310",
                "total": 2655,
                "average_rating": 4.8121
            },
            "breadcrumbs": [],
            "assets": {
                "plp_image": "https://assets.sainsburys-groceries.co.uk/gol/8145310/image.jpg",
                "images": [],
                "video": []
            },
            "description": [],
            "important_information": [
                "The above details have been prepared to help you select suitable products. Products and their ingredients are liable to change.",
                "\u003cstrong\u003eYou should always read the label before consuming or using the product and never rely solely on the information presented here.",
                "If you require specific advice on any Sainsbury's branded product, please contact our Customer Careline on 0800 636262. For all other products, please contact the manufacturer, whose details will appear on the packaging or label. Sainsbury's is therefore unable to accept liability for any incorrect information.",
                "You should also note that the picture / images show only our serving suggestions of how to serve or prepare your food – all accessories and additional items and/or ingredients pictured with the product you are purchasing are not included.",
                "This information is supplied for your personal use only. It may not be reproduced in any way without the prior consent of Sainsbury's Supermarkets Ltd and due acknowledgement"
            ],
            "attachments": [],
            "categories": [
                {
                    "id": "210813",
                    "name": "Washing up liquids"
                },
                {
                    "id": "450352",
                    "name": "Christmas is coming"
                },
                {
                    "id": "488867",
                    "name": "Household"
                },
                {
                    "id": "488870",
                    "name": "All Price Lock"
                },
                {
                    "id": "607853",
                    "name": "Low everyday prices"
                }
            ],
            "attributes": {
                "brand": [
                    "Fairy"
                ]
            },
            "is_supply_chain_orderable": false,
            "display_icons": [
                "LOW EVERYDAY PRICE"
            ],
            "pdp_deep_link": "/shop/ProductDisplay?storeId=10151\u0026langId=44\u0026productId=1475962"
        },
        {
            "product_uid": "8145394",
            "favourite_uid": null,
            "eans": [
                "8006540994474"
            ],
            "product_type": "BASIC",
            "name": "Fairy Lemon Washing Up Liquid with Lift Action 320ml",
            "image": "https://www.sainsburys.co.uk/wcsstore/ExtendedSitesCatalogAssetStore/images/catalog/productImages/74/8006540994474/8006540994474_L.jpeg",
            "image_zoom": null,
            "image_thumbnail": "https://www.sainsburys.co.uk/wcsstore/ExtendedSitesCatalogAssetStore/images/catalog/productImages/74/8006540994474/8006540994474_M.jpeg",
            "image_thumbnail_small": "https://www.sainsburys.co.uk/wcsstore/ExtendedSitesCatalogAssetStore/images/catalog/productImages/74/8006540994474/8006540994474_S.jpeg",
            "full_url": "https://www.sainsburys.co.uk/shop/gb/groceries/product/details/fairy-lemon-washing-up-liquid-with-liftaction-320ml",
            "unit_price": {
                "price": 3.13,
                "measure": "ltr",
                "measure_amount": 1
            },
            "retail_price": {
                "price": 1,
                "measure": "unit"
            },
            "is_available": true,
            "promotions": [],
            "associations": [],
            "is_alcoholic": false,
            "is_spotlight": false,
            "is_intolerant": false,
            "is_mhra": false,
            "badges": [],
            "labels": [
                {
                    "label_uid": "LOW EVERYDAY PRICE",
                    "text": "LOW EVERYDAY PRICE",
                    "alt_text": "LOW EVERYDAY PRICE",
                    "color": "#D70000",
                    "link_opens_in_new_window": false
                }
            ],
            "zone": null,
            "department": null,
            "reviews": {
                "is_enabled": true,
                "product_uid": "8145394",
                "total": 2671,
                "average_rating": 4.8128
            },
            "breadcrumbs": [],
            "assets": {
                "plp_image": "https://assets.sainsburys-groceries.co.uk/gol/8145394/image.jpg",
                "images": [],
                "video": []
            },
            "description": [],
            "important_information": [
                "The above details have been prepared to help you select suitable products. Products and their ingredients are liable to change.",
                "\u003cstrong\u003eYou should always read the label before consuming or using the product and never rely solely on the information presented here.",
                "If you require specific advice on any Sainsbury's branded product, please contact our Customer Careline on 0800 636262. For all other products, please contact the manufacturer, whose details will appear on the packaging or label. Sainsbury's is therefore unable to accept liability for any incorrect information.",
                "You should also note that the picture / images show only our serving suggestions of how to serve or prepare your food – all accessories and additional items and/or ingredients pictured with the product you are purchasing are not included.",
                "This information is supplied for your personal use only. It may not be reproduced in any way without the prior consent of Sainsbury's Supermarkets Ltd and due acknowledgement"
            ],
            "attachments": [],
            "categories": [
                {
                    "id": "210813",
                    "name": "Washing up liquids"
                },
                {
                    "id": "488867",
                    "name": "Household"
                },
                {
                    "id": "488870",
                    "name": "All Price Lock"
                },
                {
                    "id": "607853",
                    "name": "Low everyday prices"
                }
            ],
            "attributes": {
                "brand": [
                    "Fairy"
                ]
            },
            "is_supply_chain_orderable": false,
            "display_icons": [
                "LOW EVERYDAY PRICE"
            ],
            "pdp_deep_link": "/shop/ProductDisplay?storeId=10151\u0026langId=44\u0026productId=1476034"
        },
        {
            "product_uid": "8099483",
            "favourite_uid": null,
            "eans": [
                "8006540928912",
                "8001841583655",
                "8700216464598",
                "8006540493199"
            ],
            "product_type": "BASIC",
            "name": "Fairy Non Bio All-in-1 Pods Washing Liquid Capsules Original 51 Washes",
            "image": "https://www.sainsburys.co.uk/wcsstore/ExtendedSitesCatalogAssetStore/images/catalog/productImages/98/8700216464598/8700216464598_L.jpeg",
            "image_zoom": null,
            "image_thumbnail": "https://www.sainsburys.co.uk/wcsstore/ExtendedSitesCatalogAssetStore/images/catalog/productImages/98/8700216464598/8700216464598_M.jpeg",
            "image_thumbnail_small": "https://www.sainsburys.co.uk/wcsstore/ExtendedSitesCatalogAssetStore/images/catalog/productImages/98/8700216464598/8700216464598_S.jpeg",
            "full_url": "https://www.sainsburys.co.uk/shop/gb/groceries/product/details/fairy-non-bio-pods-washing-liquid-capsules-51-washes",
            "unit_price": {
                "price": 9.76,
                "measure": "kg",
                "measure_amount": 1
            },
            "retail_price": {
                "price": 10.5,
                "measure": "unit"
            },
            "nectar_price": {
                "retail_price": 10.5,
                "unit_price": 8.54,
                "measure": "unit",
                "url": "https://www.sainsburys.co.uk/shop/gb/groceries/new---trending/nectar-prices",
                "category_seo_url": "gb/groceries/new---trending/nectar-prices"
            },
            "is_available": true,
            "promotions": [
                {
                    "promotion_uid": "10670910",
                    "icon": "https://www.sainsburys.co.uk/wcsstore/Sainsburys/Promotion assets/Promotion icons/Buy_X_For_Y_Amt_S_Icon.gif",
                    "link": "/gol-ui/promo-lister/10670910",
                    "strap_line": "Buy 1 for 10.5",
                    "start_date": "2025-02-12T00:00:00Z",
                    "end_date": "2025-03-04T00:00:00Z",
                    "original_price": 12,
                    "promo_mechanic_id": "99",
                    "is_nectar": true,
                    "promo_type": "SIMPLE_FIXED_PRICE",
                    "promo_group": "simple"
                }
            ],
            "associations": [],
            "is_alcoholic": false,
            "is_spotlight": false,
            "is_intolerant": false,
            "is_mhra": false,
            "badges": [],
            "labels": [],
            "zone": null,
            "department": null,
            "reviews": {
                "is_enabled": true,
                "product_uid": "8099483",
                "total": 56,
                "average_rating": 4.2143
            },
            "breadcrumbs": [],
            "assets": {
                "plp_image": "https://assets.sainsburys-groceries.co.uk/gol/8099483/image.jpg",
                "images": [],
                "video": []
            },
            "description": [],
            "important_information": [
                "The above details have been prepared to help you select suitable products. Products and their ingredients are liable to change.",
                "\u003cstrong\u003eYou should always read the label before consuming or using the product and never rely solely on the information presented here.",
                "If you require specific advice on any Sainsbury's branded product, please contact our Customer Careline on 0800 636262. For all other products, please contact the manufacturer, whose details will appear on the packaging or label. Sainsbury's is therefore unable to accept liability for any incorrect information.",
                "You should also note that the picture / images show only our serving suggestions of how to serve or prepare your food – all accessories and additional items and/or ingredients pictured with the product you are purchasing are not included.",
                "This information is supplied for your personal use only. It may not be reproduced in any way without the prior consent of Sainsbury's Supermarkets Ltd and due acknowledgement"
            ],
            "attachments": [],
            "categories": [
                {
                    "id": "18667",
                    "name": "Special offers"
                },
                {
                    "id": "140651",
                    "name": "Household bigger packs"
                },
                {
                    "id": "209255",
                    "name": "All detergents \u0026 washing powder"
                },
                {
                    "id": "209258",
                    "name": "Capsules"
                },
                {
                    "id": "410357",
                    "name": "Special offers"
                },
                {
                    "id": "510370",
                    "name": "Baby laundry"
                },
                {
                    "id": "558855",
                    "name": "Back to uni"
                }
            ],
            "header": {
                "text": "Nectar price",
                "type": "NECTAR"
            },
            "attributes": {
                "brand": [
                    "Fairy"
                ]
            },
            "is_supply_chain_orderable": false,
            "display_icons": [],
            "pdp_deep_link": "/shop/ProductDisplay?storeId=10151\u0026langId=44\u0026productId=1430752"
        },
        {
            "product_uid": "8145306",
            "favourite_uid": null,
            "eans": [
                "8006540994511"
            ],
            "product_type": "BASIC",
            "name": "Fairy Original Washing Up Liquid Green with Lift Action 1015ml",
            "image": "https://www.sainsburys.co.uk/wcsstore/ExtendedSitesCatalogAssetStore/images/catalog/productImages/11/8006540994511/8006540994511_L.jpeg",
            "image_zoom": null,
            "image_thumbnail": "https://www.sainsburys.co.uk/wcsstore/ExtendedSitesCatalogAssetStore/images/catalog/productImages/11/8006540994511/8006540994511_M.jpeg",
            "image_thumbnail_small": "https://www.sainsburys.co.uk/wcsstore/ExtendedSitesCatalogAssetStore/images/catalog/productImages/11/8006540994511/8006540994511_S.jpeg",
            "full_url": "https://www.sainsburys.co.uk/shop/gb/groceries/product/details/fairy-original-washing-up-liquid-green-with-liftaction-1015ml",
            "unit_price": {
                "price": 2.96,
                "measure": "ltr",
                "measure_amount": 1
            },
            "retail_price": {
                "price": 3,
                "measure": "unit"
            },
            "is_available": true,
            "promotions": [],
            "associations": [],
            "is_alcoholic": false,
            "is_spotlight": false,
            "is_intolerant": false,
            "is_mhra": false,
            "badges": [],
            "labels": [],
            "zone": null,
            "department": null,
            "reviews": {
                "is_enabled": true,
                "product_uid": "8145306",
                "total": 2655,
                "average_rating": 4.8143
            },
            "breadcrumbs": [],
            "assets": {
                "plp_image": "https://assets.sainsburys-groceries.co.uk/gol/8145306/image.jpg",
                "images": [],
                "video": []
            },
            "description": [],
            "important_information": [
                "The above details have been prepared to help you select suitable products. Products and their ingredients are liable to change.",
                "\u003cstrong\u003eYou should always read the label before consuming or using the product and never rely solely on the information presented here.",
                "If you require specific advice on any Sainsbury's branded product, please contact our Customer Careline on 0800 636262. For all other products, please contact the manufacturer, whose details will appear on the packaging or label. Sainsbury's is therefore unable to accept liability for any incorrect information.",
                "You should also note that the picture / images show only our serving suggestions of how to serve or prepare your food – all accessories and additional items and/or ingredients pictured with the product you are purchasing are not included.",
                "This information is supplied for your personal use only. It may not be reproduced in any way without the prior consent of Sainsbury's Supermarkets Ltd and due acknowledgement"
            ],
            "attachments": [],
            "categories": [
                {
                    "id": "140651",
                    "name": "Household bigger packs"
                },
                {
                    "id": "210813",
                    "name": "Washing up liquids"
                },
                {
                    "id": "488867",
                    "name": "Household"
                },
                {
                    "id": "488870",
                    "name": "All Price Lock"
                }
            ],
            "attributes": {
                "brand": [
                    "Fairy"
                ]
            },
            "is_supply_chain_orderable": false,
            "display_icons": [],
            "pdp_deep_link": "/shop/ProductDisplay?storeId=10151\u0026langId=44\u0026productId=1475958"
        },
        {
            "product_uid": "8145323",
            "favourite_uid": null,
            "eans": [
                "8700216003773"
            ],
            "product_type": "BASIC",
            "name": "Fairy Clean \u0026 Fresh Pomegranate Grapefruit Washing Up Liquid 320ml",
            "image": "https://www.sainsburys.co.uk/wcsstore/ExtendedSitesCatalogAssetStore/images/catalog/productImages/73/8700216003773/8700216003773_L.jpeg",
            "image_zoom": null,
            "image_thumbnail": "https://www.sainsburys.co.uk/wcsstore/ExtendedSitesCatalogAssetStore/images/catalog/productImages/73/8700216003773/8700216003773_M.jpeg",
            "image_thumbnail_small": "https://www.sainsburys.co.uk/wcsstore/ExtendedSitesCatalogAssetStore/images/catalog/productImages/73/8700216003773/8700216003773_S.jpeg",
            "full_url": "https://www.sainsburys.co.uk/shop/gb/groceries/product/details/fairy-clean-fresh-pomegranate-grapefruit-washing-up-liquid-320ml",
            "unit_price": {
                "price": 3.13,
                "measure": "ltr",
                "measure_amount": 1
            },
            "retail_price": {
                "price": 1,
                "measure": "unit"
            },
            "is_available": true,
            "promotions": [],
            "associations": [],
            "is_alcoholic": false,
            "is_spotlight": false,
            "is_intolerant": false,
            "is_mhra": false,
            "badges": [],
            "labels": [
                {
                    "label_uid": "LOW EVERYDAY PRICE",
                    "text": "LOW EVERYDAY PRICE",
                    "alt_text": "LOW EVERYDAY PRICE",
                    "color": "#D70000",
                    "link_opens_in_new_window": false
                }
            ],
            "zone": null,
            "department": null,
            "reviews": {
                "is_enabled": true,
                "product_uid": "8145323",
                "total": 336,
                "average_rating": 4.7887
            },
            "breadcrumbs": [],
            "assets": {
                "plp_image": "https://assets.sainsburys-groceries.co.uk/gol/8145323/image.jpg",
                "images": [],
                "video": []
            },
            "description": [],
            "important_information": [
                "The above details have been prepared to help you select suitable products. Products and their ingredients are liable to change.",
                "\u003cstrong\u003eYou should always read the label before consuming or using the product and never rely solely on the information presented here.",
                "If you require specific advice on any Sainsbury's branded product, please contact our Customer Careline on 0800 636262. For all other products, please contact the manufacturer, whose details will appear on the packaging or label. Sainsbury's is therefore unable to accept liability for any incorrect information.",
                "You should also note that the picture / images show only our serving suggestions of how to serve or prepare your food – all accessories and additional items and/or ingredients pictured with the product you are purchasing are not included.",
                "This information is supplied for your personal use only. It may not be reproduced in any way without the prior consent of Sainsbury's Supermarkets Ltd and due acknowledgement"
            ],
            "attachments": [],
            "categories": [
                {
                    "id": "210813",
                    "name": "Washing up liquids"
                },
                {
                    "id": "488867",
                    "name": "Household"
                },
                {
                    "id": "488870",
                    "name": "All Price Lock"
                },
                {
                    "id": "607853",
                    "name": "Low everyday prices"
                }
            ],
            "attributes": {
                "brand": [
                    "Fairy"
                ]
            },
            "is_supply_chain_orderable": false,
            "display_icons": [
                "LOW EVERYDAY PRICE"
            ],
            "pdp_deep_link": "/shop/ProductDisplay?storeId=10151\u0026langId=44\u0026productId=1475974"
        },
        {
            "product_uid": "8099509",
            "favourite_uid": null,
            "eans": [
                "8700216670883",
                "8700216004619",
                "8006540299036"
            ],
            "product_type": "BASIC",
            "name": "Fairy Max Power Washing Up Liquid Original 660ml",
            "image": "https://www.sainsburys.co.uk/wcsstore/ExtendedSitesCatalogAssetStore/images/catalog/productImages/19/8700216004619/8700216004619_L.jpeg",
            "image_zoom": null,
            "image_thumbnail": "https://www.sainsburys.co.uk/wcsstore/ExtendedSitesCatalogAssetStore/images/catalog/productImages/19/8700216004619/8700216004619_M.jpeg",
            "image_thumbnail_small": "https://www.sainsburys.co.uk/wcsstore/ExtendedSitesCatalogAssetStore/images/catalog/productImages/19/8700216004619/8700216004619_S.jpeg",
            "full_url": "https://www.sainsburys.co.uk/shop/gb/groceries/product/details/fairy-max-power-washing-up-liquid-660-ml",
            "unit_price": {
                "price": 5.68,
                "measure": "ltr",
                "measure_amount": 1
            },
            "retail_price": {
                "price": 3.75,
                "measure": "unit"
            },
            "is_available": true,
            "promotions": [],
            "associations": [],
            "is_alcoholic": false,
            "is_spotlight": false,
            "is_intolerant": false,
            "is_mhra": false,
            "badges": [],
            "labels": [],
            "zone": null,
            "department": null,
            "reviews": {
                "is_enabled": true,
                "product_uid": "8099509",
                "total": 3781,
                "average_rating": 4.8215
            },
            "breadcrumbs": [],
            "assets": {
                "plp_image": "https://assets.sainsburys-groceries.co.uk/gol/8099509/image.jpg",
                "images": [],
                "video": []
            },
            "description": [],
            "important_information": [
                "The above details have been prepared to help you select suitable products. Products and their ingredients are liable to change.",
                "\u003cstrong\u003eYou should always read the label before consuming or using the product and never rely solely on the information presented here.",
                "If you require specific advice on any Sainsbury's branded product, please contact our Customer Careline on 0800 636262. For all other products, please contact the manufacturer, whose details will appear on the packaging or label. Sainsbury's is therefore unable to accept liability for any incorrect information.",
                "You should also note that the picture / images show only our serving suggestions of how to serve or prepare your food – all accessories and additional items and/or ingredients pictured with the product you are purchasing are not included.",
                "This information is supplied for your personal use only. It may not be reproduced in any way without the prior consent of Sainsbury's Supermarkets Ltd and due acknowledgement"
            ],
            "attachments": [],
            "categories": [
                {
                    "id": "140651",
                    "name": "Household bigger packs"
                },
                {
                    "id": "210813",
                    "name": "Washing up liquids"
                },
                {
                    "id": "478352",
                    "name": "All essentials"
                }
            ],
            "attributes": {
                "brand": [
                    "Fairy"
                ]
            },
            "is_supply_chain_orderable": false,
            "display_icons": [],
            "pdp_deep_link": "/shop/ProductDisplay?storeId=10151\u0026langId=44\u0026productId=1430768"
        },
        {
            "product_uid": "8069355",
            "favourite_uid": null,
            "eans": [
                "8001090283375",
                "8006540928554",
                "8700216464192",
                "8006540226612"
            ],
            "product_type": "BASIC",
            "name": "Fairy Non Bio All-in-1 Pods Washing Liquid Capsules Original 25 Washes",
            "image": "https://www.sainsburys.co.uk/wcsstore/ExtendedSitesCatalogAssetStore/images/catalog/productImages/92/8700216464192/8700216464192_L.jpeg",
            "image_zoom": null,
            "image_thumbnail": "https://www.sainsburys.co.uk/wcsstore/ExtendedSitesCatalogAssetStore/images/catalog/productImages/92/8700216464192/8700216464192_M.jpeg",
            "image_thumbnail_small": "https://www.sainsburys.co.uk/wcsstore/ExtendedSitesCatalogAssetStore/images/catalog/productImages/92/8700216464192/8700216464192_S.jpeg",
            "full_url": "https://www.sainsburys.co.uk/shop/gb/groceries/product/details/fairy-non-bio-pods-washing-liquid-capsules-26-washes",
            "unit_price": {
                "price": 10.8,
                "measure": "kg",
                "measure_amount": 1
            },
            "retail_price": {
                "price": 5.7,
                "measure": "unit"
            },
            "nectar_price": {
                "retail_price": 5.7,
                "unit_price": 9.47,
                "measure": "unit",
                "url": "https://www.sainsburys.co.uk/shop/gb/groceries/new---trending/nectar-prices",
                "category_seo_url": "gb/groceries/new---trending/nectar-prices"
            },
            "is_available": true,
            "promotions": [
                {
                    "promotion_uid": "10670867",
                    "icon": "https://www.sainsburys.co.uk/wcsstore/Sainsburys/Promotion assets/Promotion icons/Buy_X_For_Y_Amt_S_Icon.gif",
                    "link": "/gol-ui/promo-lister/10670867",
                    "strap_line": "Buy 1 for 5.7",
                    "start_date": "2025-02-12T00:00:00Z",
                    "end_date": "2025-03-04T00:00:00Z",
                    "original_price": 6.5,
                    "promo_mechanic_id": "99",
                    "is_nectar": true,
                    "promo_type": "SIMPLE_FIXED_PRICE",
                    "promo_group": "simple"
                }
            ],
            "associations": [],
            "is_alcoholic": false,
            "is_spotlight": false,
            "is_intolerant": false,
            "is_mhra": false,
            "badges": [],
            "labels": [],
            "zone": null,
            "department": null,
            "reviews": {
                "is_enabled": true,
                "product_uid": "8069355",
                "total": 56,
                "average_rating": 4.2143
            },
            "breadcrumbs": [],
            "assets": {
                "plp_image": "https://assets.sainsburys-groceries.co.uk/gol/8069355/image.jpg",
                "images": [],
                "video": []
            },
            "description": [],
            "important_information": [
                "The above details have been prepared to help you select suitable products. Products and their ingredients are liable to change.",
                "\u003cstrong\u003eYou should always read the label before consuming or using the product and never rely solely on the information presented here.",
                "If you require specific advice on any Sainsbury's branded product, please contact our Customer Careline on 0800 636262. For all other products, please contact the manufacturer, whose details will appear on the packaging or label. Sainsbury's is therefore unable to accept liability for any incorrect information.",
                "You should also note that the picture / images show only our serving suggestions of how to serve or prepare your food – all accessories and additional items and/or ingredients pictured with the product you are purchasing are not included.",
                "This information is supplied for your personal use only. It may not be reproduced in any way without the prior consent of Sainsbury's Supermarkets Ltd and due acknowledgement"
            ],
            "attachments": [],
            "categories": [
                {
                    "id": "18667",
                    "name": "Special offers"
                },
                {
                    "id": "209255",
                    "name": "All detergents \u0026 washing powder"
                },
                {
                    "id": "209258",
                    "name": "Capsules"
                },
                {
                    "id": "410357",
                    "name": "Special offers"
                },
                {
                    "id": "510370",
                    "name": "Baby laundry"
                }
            ],
            "header": {
                "text": "Nectar price",
                "type": "NECTAR"
            },
            "attributes": {
                "brand": [
                    "Fairy"
                ]
            },
            "is_supply_chain_orderable": false,
            "display_icons": [],
            "pdp_deep_link": "/shop/ProductDisplay?storeId=10151\u0026langId=44\u0026productId=1403980"
        },
        {
            "product_uid": "8099503",
            "favourite_uid": null,
            "eans": [
                "8700216670838",
                "8700216004589",
                "8006540421673"
            ],
            "product_type": "BASIC",
            "name": "Fairy Max Power Antibacterial Washing Up Liquid Tea Tree 640ml",
            "image": "https://www.sainsburys.co.uk/wcsstore/ExtendedSitesCatalogAssetStore/images/catalog/productImages/38/8700216670838/8700216670838_L.jpeg",
            "image_zoom": null,
            "image_thumbnail": "https://www.sainsburys.co.uk/wcsstore/ExtendedSitesCatalogAssetStore/images/catalog/productImages/38/8700216670838/8700216670838_M.jpeg",
            "image_thumbnail_small": "https://www.sainsburys.co.uk/wcsstore/ExtendedSitesCatalogAssetStore/images/catalog/productImages/38/8700216670838/8700216670838_S.jpeg",
            "full_url": "https://www.sainsburys.co.uk/shop/gb/groceries/product/details/fairy-max-power-antibacterial-washing-up-liquid-tea-tree-660-ml",
            "unit_price": {
                "price": 5.68,
                "measure": "ltr",
                "measure_amount": 1
            },
            "retail_price": {
                "price": 3.75,
                "measure": "unit"
            },
            "is_available": true,
            "promotions": [],
            "associations": [],
            "is_alcoholic": false,
            "is_spotlight": false,
            "is_intolerant": false,
            "is_mhra": false,
            "badges": [],
            "labels": [],
            "zone": null,
            "department": null,
            "reviews": {
                "is_enabled": true,
                "product_uid": "8099503",
                "total": 1127,
                "average_rating": 4.8252
            },
            "breadcrumbs": [],
            "assets": {
                "plp_image": "https://assets.sainsburys-groceries.co.uk/gol/8099503/image.jpg",
                "images": [],
                "video": []
            },
            "description": [],
            "important_information": [
                "The above details have been prepared to help you select suitable products. Products and their ingredients are liable to change.",
                "\u003cstrong\u003eYou should always read the label before consuming or using the product and never rely solely on the information presented here.",
                "If you require specific advice on any Sainsbury's branded product, please contact our Customer Careline on 0800 636262. For all other products, please contact the manufacturer, whose details will appear on the packaging or label. Sainsbury's is therefore unable to accept liability for any incorrect information.",
                "You should also note that the picture / images show only our serving suggestions of how to serve or prepare your food – all accessories and additional items and/or ingredients pictured with the product you are purchasing are not included.",
                "This information is supplied for your personal use only. It may not be reproduced in any way without the prior consent of Sainsbury's Supermarkets Ltd and due acknowledgement"
            ],
            "attachments": [],
            "categories": [
                {
                    "id": "140651",
                    "name": "Household bigger packs"
                },
                {
                    "id": "210813",
                    "name": "Washing up liquids"
                },
                {
                    "id": "478352",
                    "name": "All essentials"
                }
            ],
            "attributes": {
                "brand": [
                    "Fairy"
                ]
            },
            "is_supply_chain_orderable": false,
            "display_icons": [],
            "pdp_deep_link": "/shop/ProductDisplay?storeId=10151\u0026langId=44\u0026productId=1430762"
        },
        {
            "product_uid": "8145386",
            "favourite_uid": null,
            "eans": [
                "8700216003476"
            ],
            "product_type": "BASIC",
            "name": "Fairy Platinum Quickwash Original Washing Up Liquid 520ml",
            "image": "https://www.sainsburys.co.uk/wcsstore/ExtendedSitesCatalogAssetStore/images/catalog/productImages/76/8700216003476/8700216003476_L.jpeg",
            "image_zoom": null,
            "image_thumbnail": "https://www.sainsburys.co.uk/wcsstore/ExtendedSitesCatalogAssetStore/images/catalog/productImages/76/8700216003476/8700216003476_M.jpeg",
            "image_thumbnail_small": "https://www.sainsburys.co.uk/wcsstore/ExtendedSitesCatalogAssetStore/images/catalog/productImages/76/8700216003476/8700216003476_S.jpeg",
            "full_url": "https://www.sainsburys.co.uk/shop/gb/groceries/product/details/fairy-platinum-quickwash-original-washing-up-liquid-520ml",
            "unit_price": {
                "price": 5.29,
                "measure": "ltr",
                "measure_amount": 1
            },
            "retail_price": {
                "price": 2,
                "measure": "unit"
            },
            "nectar_price": {
                "retail_price": 2,
                "unit_price": 3.85,
                "measure": "unit",
                "url": "https://www.sainsburys.co.uk/shop/gb/groceries/new---trending/nectar-prices",
                "category_seo_url": "gb/groceries/new---trending/nectar-prices"
            },
            "is_available": true,
            "promotions": [
                {
                    "promotion_uid": "10671033",
                    "icon": "https://www.sainsburys.co.uk/wcsstore/Sainsburys/Promotion assets/Promotion icons/Buy_X_For_Y_Amt_S_Icon.gif",
                    "link": "/gol-ui/promo-lister/10671033",
                    "strap_line": "Buy 1 for 2",
                    "start_date": "2025-02-12T00:00:00Z",
                    "end_date": "2025-03-04T00:00:00Z",
                    "original_price": 2.75,
                    "promo_mechanic_id": "99",
                    "is_nectar": true,
                    "promo_type": "SIMPLE_FIXED_PRICE",
                    "promo_group": "simple"
                }
            ],
            "associations": [],
            "is_alcoholic": false,
            "is_spotlight": false,
            "is_intolerant": false,
            "is_mhra": false,
            "badges": [],
            "labels": [],
            "zone": null,
            "department": null,
            "reviews": {
                "is_enabled": true,
                "product_uid": "8145386",
                "total": 3954,
                "average_rating": 4.865
            },
            "breadcrumbs": [],
            "assets": {
                "plp_image": "https://assets.sainsburys-groceries.co.uk/gol/8145386/image.jpg",
                "images": [],
                "video": []
            },
            "description": [],
            "important_information": [
                "The above details have been prepared to help you select suitable products. Products and their ingredients are liable to change.",
                "\u003cstrong\u003eYou should always read the label before consuming or using the product and never rely solely on the information presented here.",
                "If you require specific advice on any Sainsbury's branded product, please contact our Customer Careline on 0800 636262. For all other products, please contact the manufacturer, whose details will appear on the packaging or label. Sainsbury's is therefore unable to accept liability for any incorrect information.",
                "You should also note that the picture / images show only our serving suggestions of how to serve or prepare your food – all accessories and additional items and/or ingredients pictured with the product you are purchasing are not included.",
                "This information is supplied for your personal use only. It may not be reproduced in any way without the prior consent of Sainsbury's Supermarkets Ltd and due acknowledgement"
            ],
            "attachments": [],
            "categories": [
                {
                    "id": "18689",
                    "name": "Special offers"
                },
                {
                    "id": "210813",
                    "name": "Washing up liquids"
                },
                {
                    "id": "410357",
                    "name": "Special offers"
                },
                {
                    "id": "450352",
                    "name": "Christmas is coming"
                }
            ],
            "header": {
                "text": "Nectar price",
                "type": "NECTAR"
            },
            "attributes": {
                "brand": [
                    "Fairy"
                ]
            },
            "is_supply_chain_orderable": false,
            "display_icons": [],
            "pdp_deep_link": "/shop/ProductDisplay?storeId=10151\u0026langId=44\u0026productId=1476026"
        },
        {
            "product_uid": "8145335",
            "favourite_uid": null,
            "eans": [
                "8700216003919"
            ],
            "product_type": "BASIC",
            "name": "Fairy Apple \u0026 Rhubarb Washing Up Liquid 320ml",
            "image": "https://www.sainsburys.co.uk/wcsstore/ExtendedSitesCatalogAssetStore/images/catalog/productImages/19/8700216003919/8700216003919_L.jpeg",
            "image_zoom": null,
            "image_thumbnail": "https://www.sainsburys.co.uk/wcsstore/ExtendedSitesCatalogAssetStore/images/catalog/productImages/19/8700216003919/8700216003919_M.jpeg",
            "image_thumbnail_small": "https://www.sainsburys.co.uk/wcsstore/ExtendedSitesCatalogAssetStore/images/catalog/productImages/19/8700216003919/8700216003919_S.jpeg",
            "full_url": "https://www.sainsburys.co.uk/shop/gb/groceries/product/details/fairy-apple-rhubarb-washing-up-liquid-320ml",
            "unit_price": {
                "price": 3.13,
                "measure": "ltr",
                "measure_amount": 1
            },
            "retail_price": {
                "price": 1,
                "measure": "unit"
            },
            "is_available": true,
            "promotions": [],
            "associations": [],
            "is_alcoholic": false,
            "is_spotlight": false,
            "is_intolerant": false,
            "is_mhra": false,
            "badges": [],
            "labels": [
                {
                    "label_uid": "LOW EVERYDAY PRICE",
                    "text": "LOW EVERYDAY PRICE",
                    "alt_text": "LOW EVERYDAY PRICE",
                    "color": "#D70000",
                    "link_opens_in_new_window": false
                }
            ],
            "zone": null,
            "department": null,
            "reviews": {
                "is_enabled": true,
                "product_uid": "8145335",
                "total": 324,
                "average_rating": 4.7531
            },
            "breadcrumbs": [],
            "assets": {
                "plp_image": "https://assets.sainsburys-groceries.co.uk/gol/8145335/image.jpg",
                "images": [],
                "video": []
            },
            "description": [],
            "important_information": [
                "The above details have been prepared to help you select suitable products. Products and their ingredients are liable to change.",
                "\u003cstrong\u003eYou should always read the label before consuming or using the product and never rely solely on the information presented here.",
                "If you require specific advice on any Sainsbury's branded product, please contact our Customer Careline on 0800 636262. For all other products, please contact the manufacturer, whose details will appear on the packaging or label. Sainsbury's is therefore unable to accept liability for any incorrect information.",
                "You should also note that the picture / images show only our serving suggestions of how to serve or prepare your food – all accessories and additional items and/or ingredients pictured with the product you are purchasing are not included.",
                "This information is supplied for your personal use only. It may not be reproduced in any way without the prior consent of Sainsbury's Supermarkets Ltd and due acknowledgement"
            ],
            "attachments": [],
            "categories": [
                {
                    "id": "210813",
                    "name": "Washing up liquids"
                },
                {
                    "id": "488867",
                    "name": "Household"
                },
                {
                    "id": "488870",
                    "name": "All Price Lock"
                },
                {
                    "id": "607853",
                    "name": "Low everyday prices"
                }
            ],
            "attributes": {
                "brand": [
                    "Fairy"
                ]
            },
            "is_supply_chain_orderable": false,
            "display_icons": [
                "LOW EVERYDAY PRICE"
            ],
            "pdp_deep_link": "/shop/ProductDisplay?storeId=10151\u0026langId=44\u0026productId=1475986"
        },
        {
            "product_uid": "8145390",
            "favourite_uid": null,
            "eans": [
                "8700216003605"
            ],
            "product_type": "BASIC",
            "name": "Fairy Antibacterial Eucalyptus Washing Up Liquid 520ml",
            "image": "https://www.sainsburys.co.uk/wcsstore/ExtendedSitesCatalogAssetStore/images/catalog/productImages/05/8700216003605/8700216003605_L.jpeg",
            "image_zoom": null,
            "image_thumbnail": "https://www.sainsburys.co.uk/wcsstore/ExtendedSitesCatalogAssetStore/images/catalog/productImages/05/8700216003605/8700216003605_M.jpeg",
            "image_thumbnail_small": "https://www.sainsburys.co.uk/wcsstore/ExtendedSitesCatalogAssetStore/images/catalog/productImages/05/8700216003605/8700216003605_S.jpeg",
            "full_url": "https://www.sainsburys.co.uk/shop/gb/groceries/product/details/fairy-antibacterial-eucalyptus-washing-up-liquid-520ml",
            "unit_price": {
                "price": 5.29,
                "measure": "ltr",
                "measure_amount": 1
            },
            "retail_price": {
                "price": 2,
                "measure": "unit"
            },
            "nectar_price": {
                "retail_price": 2,
                "unit_price": 3.85,
                "measure": "unit",
                "url": "https://www.sainsburys.co.uk/shop/gb/groceries/new---trending/nectar-prices",
                "category_seo_url": "gb/groceries/new---trending/nectar-prices"
            },
            "is_available": true,
            "promotions": [
                {
                    "promotion_uid": "10671033",
                    "icon": "https://www.sainsburys.co.uk/wcsstore/Sainsburys/Promotion assets/Promotion icons/Buy_X_For_Y_Amt_S_Icon.gif",
                    "link": "/gol-ui/promo-lister/10671033",
                    "strap_line": "Buy 1 for 2",
                    "start_date": "2025-02-12T00:00:00Z",
                    "end_date": "2025-03-04T00:00:00Z",
                    "original_price": 2.75,
                    "promo_mechanic_id": "99",
                    "is_nectar": true,
                    "promo_type": "SIMPLE_FIXED_PRICE",
                    "promo_group": "simple"
                }
            ],
            "associations": [],
            "is_alcoholic": false,
            "is_spotlight": false,
            "is_intolerant": false,
            "is_mhra": false,
            "badges": [],
            "labels": [],
            "zone": null,
            "department": null,
            "reviews": {
                "is_enabled": true,
                "product_uid": "8145390",
                "total": 2674,
                "average_rating": 4.816
            },
            "breadcrumbs": [],
            "assets": {
                "plp_image": "https://assets.sainsburys-groceries.co.uk/gol/8145390/image.jpg",
                "images": [],
                "video": []
            },
            "description": [],
            "important_information": [
                "The above details have been prepared to help you select suitable products. Products and their ingredients are liable to change.",
                "\u003cstrong\u003eYou should always read the label before consuming or using the product and never rely solely on the information presented here.",
                "If you require specific advice on any Sainsbury's branded product, please contact our Customer Careline on 0800 636262. For all other products, please contact the manufacturer, whose details will appear on the packaging or label. Sainsbury's is therefore unable to accept liability for any incorrect information.",
                "You should also note that the picture / images show only our serving suggestions of how to serve or prepare your food – all accessories and additional items and/or ingredients pictured with the product you are purchasing are not included.",
                "This information is supplied for your personal use only. It may not be reproduced in any way without the prior consent of Sainsbury's Supermarkets Ltd and due acknowledgement"
            ],
            "attachments": [],
            "categories": [
                {
                    "id": "18689",
                    "name": "Special offers"
                },
                {
                    "id": "210813",
                    "name": "Washing up liquids"
                },
                {
                    "id": "410357",
                    "name": "Special offers"
                }
            ],
            "header": {
                "text": "Nectar price",
                "type": "NECTAR"
            },
            "attributes": {
                "brand": [
                    "Fairy"
                ]
            },
            "is_supply_chain_orderable": false,
            "display_icons": [],
            "pdp_deep_link": "/shop/ProductDisplay?storeId=10151\u0026langId=44\u0026productId=1476030"
        },
        {
            "product_uid": "8059128",
            "favourite_uid": null,
            "eans": [
                "8700216586252",
                "8006540648155",
                "8006540928639"
            ],
            "product_type": "BASIC",
            "name": "Fairy Non Bio All-in-1 Pods Washing Liquid Capsules Extra Stain Removal 34 Washes",
            "image": "https://www.sainsburys.co.uk/wcsstore/ExtendedSitesCatalogAssetStore/images/catalog/productImages/52/8700216586252/8700216586252_L.jpeg",
            "image_zoom": null,
            "image_thumbnail": "https://www.sainsburys.co.uk/wcsstore/ExtendedSitesCatalogAssetStore/images/catalog/productImages/52/8700216586252/8700216586252_M.jpeg",
            "image_thumbnail_small": "https://www.sainsburys.co.uk/wcsstore/ExtendedSitesCatalogAssetStore/images/catalog/productImages/52/8700216586252/8700216586252_S.jpeg",
            "full_url": "https://www.sainsburys.co.uk/shop/gb/groceries/product/details/fairy-non-bio-platinum-pods-washing-liquid-capsules-43-washes",
            "unit_price": {
                "price": 10.75,
                "measure": "kg",
                "measure_amount": 1
            },
            "retail_price": {
                "price": 10,
                "measure": "unit"
            },
            "is_available": true,
            "promotions": [],
            "associations": [],
            "is_alcoholic": false,
            "is_spotlight": false,
            "is_intolerant": false,
            "is_mhra": false,
            "badges": [],
            "labels": [],
            "zone": null,
            "department": null,
            "reviews": {
                "is_enabled": true,
                "product_uid": "8059128",
                "total": 2096,
                "average_rating": 4.8445
            },
            "breadcrumbs": [],
            "assets": {
                "plp_image": "https://assets.sainsburys-groceries.co.uk/gol/8059128/image.jpg",
                "images": [],
                "video": []
            },
            "description": [],
            "important_information": [
                "The above details have been prepared to help you select suitable products. Products and their ingredients are liable to change.",
                "\u003cstrong\u003eYou should always read the label before consuming or using the product and never rely solely on the information presented here.",
                "If you require specific advice on any Sainsbury's branded product, please contact our Customer Careline on 0800 636262. For all other products, please contact the manufacturer, whose details will appear on the packaging or label. Sainsbury's is therefore unable to accept liability for any incorrect information.",
                "You should also note that the picture / images show only our serving suggestions of how to serve or prepare your food – all accessories and additional items and/or ingredients pictured with the product you are purchasing are not included.",
                "This information is supplied for your personal use only. It may not be reproduced in any way without the prior consent of Sainsbury's Supermarkets Ltd and due acknowledgement"
            ],
            "attachments": [],
            "categories": [
                {
                    "id": "140651",
                    "name": "Household bigger packs"
                },
                {
                    "id": "209255",
                    "name": "All detergents \u0026 washing powder"
                },
                {
                    "id": "209258",
                    "name": "Capsules"
                },
                {
                    "id": "510370",
                    "name": "Baby laundry"
                },
                {
                    "id": "558855",
                    "name": "Back to uni"
                }
            ],
            "attributes": {
                "brand": [
                    "Fairy"
                ]
            },
            "is_supply_chain_orderable": false,
            "display_icons": [],
            "pdp_deep_link": "/shop/ProductDisplay?storeId=10151\u0026langId=44\u0026productId=1393882"
        },
        {
            "product_uid": "8145301",
            "favourite_uid": null,
            "eans": [
                "8006540994399"
            ],
            "product_type": "BASIC",
            "name": "Fairy Lemon Washing Up Liquid with Lift Action 1015ml",
            "image": "https://www.sainsburys.co.uk/wcsstore/ExtendedSitesCatalogAssetStore/images/catalog/productImages/99/8006540994399/8006540994399_L.jpeg",
            "image_zoom": null,
            "image_thumbnail": "https://www.sainsburys.co.uk/wcsstore/ExtendedSitesCatalogAssetStore/images/catalog/productImages/99/8006540994399/8006540994399_M.jpeg",
            "image_thumbnail_small": "https://www.sainsburys.co.uk/wcsstore/ExtendedSitesCatalogAssetStore/images/catalog/productImages/99/8006540994399/8006540994399_S.jpeg",
            "full_url": "https://www.sainsburys.co.uk/shop/gb/groceries/product/details/fairy-lemon-washing-up-liquid-with-liftaction-1015ml",
            "unit_price": {
                "price": 2.96,
                "measure": "ltr",
                "measure_amount": 1
            },
            "retail_price": {
                "price": 3,
                "measure": "unit"
            },
            "is_available": true,
            "promotions": [],
            "associations": [],
            "is_alcoholic": false,
            "is_spotlight": false,
            "is_intolerant": false,
            "is_mhra": false,
            "badges": [],
            "labels": [],
            "zone": null,
            "department": null,
            "reviews": {
                "is_enabled": true,
                "product_uid": "8145301",
                "total": 2671,
                "average_rating": 4.8128
            },
            "breadcrumbs": [],
            "assets": {
                "plp_image": "https://assets.sainsburys-groceries.co.uk/gol/8145301/image.jpg",
                "images": [],
                "video": []
            },
            "description": [],
            "important_information": [
                "The above details have been prepared to help you select suitable products. Products and their ingredients are liable to change.",
                "\u003cstrong\u003eYou should always read the label before consuming or using the product and never rely solely on the information presented here.",
                "If you require specific advice on any Sainsbury's branded product, please contact our Customer Careline on 0800 636262. For all other products, please contact the manufacturer, whose details will appear on the packaging or label. Sainsbury's is therefore unable to accept liability for any incorrect information.",
                "You should also note that the picture / images show only our serving suggestions of how to serve or prepare your food – all accessories and additional items and/or ingredients pictured with the product you are purchasing are not included.",
                "This information is supplied for your personal use only. It may not be reproduced in any way without the prior consent of Sainsbury's Supermarkets Ltd and due acknowledgement"
            ],
            "attachments": [],
            "categories": [
                {
                    "id": "140651",
                    "name": "Household bigger packs"
                },
                {
                    "id": "210813",
                    "name": "Washing up liquids"
                },
                {
                    "id": "488867",
                    "name": "Household"
                },
                {
                    "id": "488870",
                    "name": "All Price Lock"
                }
            ],
            "attributes": {
                "brand": [
                    "Fairy"
                ]
            },
            "is_supply_chain_orderable": false,
            "display_icons": [],
            "pdp_deep_link": "/shop/ProductDisplay?storeId=10151\u0026langId=44\u0026productId=1475954"
        },
        {
            "product_uid": "8145325",
            "favourite_uid": null,
            "eans": [
                "8700216003681"
            ],
            "product_type": "BASIC",
            "name": "Fairy Clean \u0026 Fresh Pomegranate \u0026 Grapefruit Washing Up Liquid 1015ml",
            "image": "https://www.sainsburys.co.uk/wcsstore/ExtendedSitesCatalogAssetStore/images/catalog/productImages/81/8700216003681/8700216003681_L.jpeg",
            "image_zoom": null,
            "image_thumbnail": "https://www.sainsburys.co.uk/wcsstore/ExtendedSitesCatalogAssetStore/images/catalog/productImages/81/8700216003681/8700216003681_M.jpeg",
            "image_thumbnail_small": "https://www.sainsburys.co.uk/wcsstore/ExtendedSitesCatalogAssetStore/images/catalog/productImages/81/8700216003681/8700216003681_S.jpeg",
            "full_url": "https://www.sainsburys.co.uk/shop/gb/groceries/product/details/fairy-clean-fresh-pomegranate-grapefruit-washing-up-liquid-1015ml",
            "unit_price": {
                "price": 2.96,
                "measure": "ltr",
                "measure_amount": 1
            },
            "retail_price": {
                "price": 3,
                "measure": "unit"
            },
            "is_available": true,
            "promotions": [],
            "associations": [],
            "is_alcoholic": false,
            "is_spotlight": false,
            "is_intolerant": false,
            "is_mhra": false,
            "badges": [],
            "labels": [],
            "zone": null,
            "department": null,
            "reviews": {
                "is_enabled": true,
                "product_uid": "8145325",
                "total": 336,
                "average_rating": 4.7887
            },
            "breadcrumbs": [],
            "assets": {
                "plp_image": "https://assets.sainsburys-groceries.co.uk/gol/8145325/image.jpg",
                "images": [],
                "video": []
            },
            "description": [],
            "important_information": [
                "The above details have been prepared to help you select suitable products. Products and their ingredients are liable to change.",
                "\u003cstrong\u003eYou should always read the label before consuming or using the product and never rely solely on the information presented here.",
                "If you require specific advice on any Sainsbury's branded product, please contact our Customer Careline on 0800 636262. For all other products, please contact the manufacturer, whose details will appear on the packaging or label. Sainsbury's is therefore unable to accept liability for any incorrect information.",
                "You should also note that the picture / images show only our serving suggestions of how to serve or prepare your food – all accessories and additional items and/or ingredients pictured with the product you are purchasing are not included.",
                "This information is supplied for your personal use only. It may not be reproduced in any way without the prior consent of Sainsbury's Supermarkets Ltd and due acknowledgement"
            ],
            "attachments": [],
            "categories": [
                {
                    "id": "140651",
                    "name": "Household bigger packs"
                },
                {
                    "id": "210813",
                    "name": "Washing up liquids"
                },
                {
                    "id": "488867",
                    "name": "Household"
                },
                {
                    "id": "488870",
                    "name": "All Price Lock"
                }
            ],
            "attributes": {
                "brand": [
                    "Fairy"
                ]
            },
            "is_supply_chain_orderable": false,
            "display_icons": [],
            "pdp_deep_link": "/shop/ProductDisplay?storeId=10151\u0026langId=44\u0026productId=1475976"
        },
        {
            "product_uid": "8144144",
            "favourite_uid": null,
            "eans": [
                "8006540928714"
            ],
            "product_type": "BASIC",
            "name": "Fairy Non Bio Platinum Pods Washing Liquid Capsules Extra Stain Removal 44 Washes",
            "image": "https://www.sainsburys.co.uk/wcsstore/ExtendedSitesCatalogAssetStore/images/catalog/productImages/14/8006540928714/8006540928714_L.jpeg",
            "image_zoom": null,
            "image_thumbnail": "https://www.sainsburys.co.uk/wcsstore/ExtendedSitesCatalogAssetStore/images/catalog/productImages/14/8006540928714/8006540928714_M.jpeg",
            "image_thumbnail_small": "https://www.sainsburys.co.uk/wcsstore/ExtendedSitesCatalogAssetStore/images/catalog/productImages/14/8006540928714/8006540928714_S.jpeg",
            "full_url": "https://www.sainsburys.co.uk/shop/gb/groceries/product/details/fairy-non-bio-pods-washing-liquid-capsules-platinum-44-washes",
            "unit_price": {
                "price": 9.98,
                "measure": "kg",
                "measure_amount": 1
            },
            "retail_price": {
                "price": 10.5,
                "measure": "unit"
            },
            "nectar_price": {
                "retail_price": 10.5,
                "unit_price": 8.73,
                "measure": "unit",
                "url": "https://www.sainsburys.co.uk/shop/gb/groceries/new---trending/nectar-prices",
                "category_seo_url": "gb/groceries/new---trending/nectar-prices"
            },
            "is_available": true,
            "promotions": [
                {
                    "promotion_uid": "10670819",
                    "icon": "https://www.sainsburys.co.uk/wcsstore/Sainsburys/Promotion assets/Promotion icons/Buy_X_For_Y_Amt_S_Icon.gif",
                    "link": "/gol-ui/promo-lister/10670819",
                    "strap_line": "Buy 1 for 10.5",
                    "start_date": "2025-02-12T00:00:00Z",
                    "end_date": "2025-03-04T00:00:00Z",
                    "original_price": 12,
                    "promo_mechanic_id": "99",
                    "is_nectar": true,
                    "promo_type": "SIMPLE_FIXED_PRICE",
                    "promo_group": "simple"
                }
            ],
            "associations": [],
            "is_alcoholic": false,
            "is_spotlight": false,
            "is_intolerant": false,
            "is_mhra": false,
            "badges": [],
            "labels": [],
            "zone": null,
            "department": null,
            "reviews": {
                "is_enabled": true,
                "product_uid": "8144144",
                "total": 80,
                "average_rating": 4.7625
            },
            "breadcrumbs": [],
            "assets": {
                "plp_image": "https://assets.sainsburys-groceries.co.uk/gol/8144144/image.jpg",
                "images": [],
                "video": []
            },
            "description": [],
            "important_information": [
                "The above details have been prepared to help you select suitable products. Products and their ingredients are liable to change.",
                "\u003cstrong\u003eYou should always read the label before consuming or using the product and never rely solely on the information presented here.",
                "If you require specific advice on any Sainsbury's branded product, please contact our Customer Careline on 0800 636262. For all other products, please contact the manufacturer, whose details will appear on the packaging or label. Sainsbury's is therefore unable to accept liability for any incorrect information.",
                "You should also note that the picture / images show only our serving suggestions of how to serve or prepare your food – all accessories and additional items and/or ingredients pictured with the product you are purchasing are not included.",
                "This information is supplied for your personal use only. It may not be reproduced in any way without the prior consent of Sainsbury's Supermarkets Ltd and due acknowledgement"
            ],
            "attachments": [],
            "categories": [
                {
                    "id": "18667",
                    "name": "Special offers"
                },
                {
                    "id": "140651",
                    "name": "Household bigger packs"
                },
                {
                    "id": "209255",
                    "name": "All detergents \u0026 washing powder"
                },
                {
                    "id": "209258",
                    "name": "Capsules"
                },
                {
                    "id": "410357",
                    "name": "Special offers"
                },
                {
                    "id": "510370",
                    "name": "Baby laundry"
                }
            ],
            "header": {
                "text": "Nectar price",
                "type": "NECTAR"
            },
            "attributes": {
                "brand": [
                    "Fairy"
                ]
            },
            "is_supply_chain_orderable": false,
            "display_icons": [],
            "pdp_deep_link": "/shop/ProductDisplay?storeId=10151\u0026langId=44\u0026productId=1474794"
        },
        {
            "product_uid": "8165092",
            "favourite_uid": null,
            "eans": [
                "8700216117630"
            ],
            "product_type": "BASIC",
            "name": "Fairy Non Bio Platinum Stain Removal Washing Liquid 63 Washes 2.079L",
            "image": "https://www.sainsburys.co.uk/wcsstore/ExtendedSitesCatalogAssetStore/images/catalog/productImages/30/8700216117630/8700216117630_L.jpeg",
            "image_zoom": null,
            "image_thumbnail": "https://www.sainsburys.co.uk/wcsstore/ExtendedSitesCatalogAssetStore/images/catalog/productImages/30/8700216117630/8700216117630_M.jpeg",
            "image_thumbnail_small": "https://www.sainsburys.co.uk/wcsstore/ExtendedSitesCatalogAssetStore/images/catalog/productImages/30/8700216117630/8700216117630_S.jpeg",
            "full_url": "https://www.sainsburys.co.uk/shop/gb/groceries/product/details/fairy-non-bio-platinum-stain-removal-washing-liquid-63-washes-2079l",
            "unit_price": {
                "price": 5.62,
                "measure": "ltr",
                "measure_amount": 1
            },
            "retail_price": {
                "price": 12.5,
                "measure": "unit"
            },
            "is_available": true,
            "promotions": [],
            "associations": [],
            "is_alcoholic": false,
            "is_spotlight": false,
            "is_intolerant": false,
            "is_mhra": false,
            "badges": [],
            "labels": [],
            "zone": null,
            "department": null,
            "reviews": {
                "is_enabled": true,
                "product_uid": "8165092",
                "total": 1245,
                "average_rating": 4.7815
            },
            "breadcrumbs": [],
            "assets": {
                "plp_image": "https://assets.sainsburys-groceries.co.uk/gol/8165092/image.jpg",
                "images": [],
                "video": []
            },
            "description": [],
            "important_information": [
                "The above details have been prepared to help you select suitable products. Products and their ingredients are liable to change.",
                "\u003cstrong\u003eYou should always read the label before consuming or using the product and never rely solely on the information presented here.",
                "If you require specific advice on any Sainsbury's branded product, please contact our Customer Careline on 0800 636262. For all other products, please contact the manufacturer, whose details will appear on the packaging or label. Sainsbury's is therefore unable to accept liability for any incorrect information.",
                "You should also note that the picture / images show only our serving suggestions of how to serve or prepare your food – all accessories and additional items and/or ingredients pictured with the product you are purchasing are not included.",
                "This information is supplied for your personal use only. It may not be reproduced in any way without the prior consent of Sainsbury's Supermarkets Ltd and due acknowledgement"
            ],
            "attachments": [],
            "categories": [
                {
                    "id": "209255",
                    "name": "All detergents \u0026 washing powder"
                },
                {
                    "id": "209257",
                    "name": "Liquids \u0026 gels"
                },
                {
                    "id": "510370",
                    "name": "Baby laundry"
                }
            ],
            "attributes": {
                "brand": [
                    "Fairy"
                ]
            },
            "is_supply_chain_orderable": false,
            "display_icons": [],
            "pdp_deep_link": "/shop/ProductDisplay?storeId=10151\u0026langId=44\u0026productId=1497626"
        },
        {
            "product_uid": "8143947",
            "favourite_uid": null,
            "eans": [
                "8006540973578",
                "8700216464413"
            ],
            "product_type": "BASIC",
            "name": "Fairy Non Bio PODS Washing Liquid Capsules 13 Washes",
            "image": "https://www.sainsburys.co.uk/wcsstore/ExtendedSitesCatalogAssetStore/images/catalog/productImages/13/8700216464413/8700216464413_L.jpeg",
            "image_zoom": null,
            "image_thumbnail": "https://www.sainsburys.co.uk/wcsstore/ExtendedSitesCatalogAssetStore/images/catalog/productImages/13/8700216464413/8700216464413_M.jpeg",
            "image_thumbnail_small": "https://www.sainsburys.co.uk/wcsstore/ExtendedSitesCatalogAssetStore/images/catalog/productImages/13/8700216464413/8700216464413_S.jpeg",
            "full_url": "https://www.sainsburys.co.uk/shop/gb/groceries/product/details/fairy-non-bio-pods-washing-liquid-capsules-13-washes",
            "unit_price": {
                "price": 14.38,
                "measure": "kg",
                "measure_amount": 1
            },
            "retail_price": {
                "price": 4.5,
                "measure": "unit"
            },
            "is_available": true,
            "promotions": [],
            "associations": [],
            "is_alcoholic": false,
            "is_spotlight": false,
            "is_intolerant": false,
            "is_mhra": false,
            "badges": [],
            "labels": [],
            "zone": null,
            "department": null,
            "reviews": {
                "is_enabled": true,
                "product_uid": "8143947",
                "total": 6012,
                "average_rating": 4.7711
            },
            "breadcrumbs": [],
            "assets": {
                "plp_image": "https://assets.sainsburys-groceries.co.uk/gol/8143947/image.jpg",
                "images": [],
                "video": []
            },
            "description": [],
            "important_information": [
                "The above details have been prepared to help you select suitable products. Products and their ingredients are liable to change.",
                "\u003cstrong\u003eYou should always read the label before consuming or using the product and never rely solely on the information presented here.",
                "If you require specific advice on any Sainsbury's branded product, please contact our Customer Careline on 0800 636262. For all other products, please contact the manufacturer, whose details will appear on the packaging or label. Sainsbury's is therefore unable to accept liability for any incorrect information.",
                "You should also note that the picture / images show only our serving suggestions of how to serve or prepare your food – all accessories and additional items and/or ingredients pictured with the product you are purchasing are not included.",
                "This information is supplied for your personal use only. It may not be reproduced in any way without the prior consent of Sainsbury's Supermarkets Ltd and due acknowledgement"
            ],
            "attachments": [],
            "categories": [
                {
                    "id": "209255",
                    "name": "All detergents \u0026 washing powder"
                },
                {
                    "id": "209258",
                    "name": "Capsules"
                },
                {
                    "id": "510370",
                    "name": "Baby laundry"
                }
            ],
            "attributes": {
                "brand": [
                    "Fairy"
                ]
            },
            "is_supply_chain_orderable": false,
            "display_icons": [],
            "pdp_deep_link": "/shop/ProductDisplay?storeId=10151\u0026langId=44\u0026productId=1474646"
        },
        {
            "product_uid": "8145321",
            "favourite_uid": null,
            "eans": [
                "8700216003445"
            ],
            "product_type": "BASIC",
            "name": "Fairy Platinum Quickwash Lemon Washing Up Liquid 520ml",
            "image": "https://www.sainsburys.co.uk/wcsstore/ExtendedSitesCatalogAssetStore/images/catalog/productImages/45/8700216003445/8700216003445_L.jpeg",
            "image_zoom": null,
            "image_thumbnail": "https://www.sainsburys.co.uk/wcsstore/ExtendedSitesCatalogAssetStore/images/catalog/productImages/45/8700216003445/8700216003445_M.jpeg",
            "image_thumbnail_small": "https://www.sainsburys.co.uk/wcsstore/ExtendedSitesCatalogAssetStore/images/catalog/productImages/45/8700216003445/8700216003445_S.jpeg",
            "full_url": "https://www.sainsburys.co.uk/shop/gb/groceries/product/details/fairy-platinum-quickwash-lemon-washing-up-liquid-520ml",
            "unit_price": {
                "price": 5.29,
                "measure": "ltr",
                "measure_amount": 1
            },
            "retail_price": {
                "price": 2,
                "measure": "unit"
            },
            "nectar_price": {
                "retail_price": 2,
                "unit_price": 3.85,
                "measure": "unit",
                "url": "https://www.sainsburys.co.uk/shop/gb/groceries/new---trending/nectar-prices",
                "category_seo_url": "gb/groceries/new---trending/nectar-prices"
            },
            "is_available": true,
            "promotions": [
                {
                    "promotion_uid": "10671033",
                    "icon": "https://www.sainsburys.co.uk/wcsstore/Sainsburys/Promotion assets/Promotion icons/Buy_X_For_Y_Amt_S_Icon.gif",
                    "link": "/gol-ui/promo-lister/10671033",
                    "strap_line": "Buy 1 for 2",
                    "start_date": "2025-02-12T00:00:00Z",
                    "end_date": "2025-03-04T00:00:00Z",
                    "original_price": 2.75,
                    "promo_mechanic_id": "99",
                    "is_nectar": true,
                    "promo_type": "SIMPLE_FIXED_PRICE",
                    "promo_group": "simple"
                }
            ],
            "associations": [],
            "is_alcoholic": false,
            "is_spotlight": false,
            "is_intolerant": false,
            "is_mhra": false,
            "badges": [],
            "labels": [],
            "zone": null,
            "department": null,
            "reviews": {
                "is_enabled": true,
                "product_uid": "8145321",
                "total": 3922,
                "average_rating": 4.8664
            },
            "breadcrumbs": [],
            "assets": {
                "plp_image": "https://assets.sainsburys-groceries.co.uk/gol/8145321/image.jpg",
                "images": [],
                "video": []
            },
            "description": [],
            "important_information": [
                "The above details have been prepared to help you select suitable products. Products and their ingredients are liable to change.",
                "\u003cstrong\u003eYou should always read the label before consuming or using the product and never rely solely on the information presented here.",
                "If you require specific advice on any Sainsbury's branded product, please contact our Customer Careline on 0800 636262. For all other products, please contact the manufacturer, whose details will appear on the packaging or label. Sainsbury's is therefore unable to accept liability for any incorrect information.",
                "You should also note that the picture / images show only our serving suggestions of how to serve or prepare your food – all accessories and additional items and/or ingredients pictured with the product you are purchasing are not included.",
                "This information is supplied for your personal use only. It may not be reproduced in any way without the prior consent of Sainsbury's Supermarkets Ltd and due acknowledgement"
            ],
            "attachments": [],
            "categories": [
                {
                    "id": "18689",
                    "name": "Special offers"
                },
                {
                    "id": "210813",
                    "name": "Washing up liquids"
                },
                {
                    "id": "410357",
                    "name": "Special offers"
                }
            ],
            "header": {
                "text": "Nectar price",
                "type": "NECTAR"
            },
            "attributes": {
                "brand": [
                    "Fairy"
                ]
            },
            "is_supply_chain_orderable": false,
            "display_icons": [],
            "pdp_deep_link": "/shop/ProductDisplay?storeId=10151\u0026langId=44\u0026productId=1475972"
        },
        {
            "product_uid": "8199012",
            "favourite_uid": null,
            "eans": [
                "8700216331975"
            ],
            "product_type": "BASIC",
            "name": "Fairy Non Bio Washing Liquid Detergent 50 Washes",
            "image": "https://www.sainsburys.co.uk/wcsstore/ExtendedSitesCatalogAssetStore/images/catalog/productImages/75/8700216331975/8700216331975_L.jpeg",
            "image_zoom": null,
            "image_thumbnail": "https://www.sainsburys.co.uk/wcsstore/ExtendedSitesCatalogAssetStore/images/catalog/productImages/75/8700216331975/8700216331975_M.jpeg",
            "image_thumbnail_small": "https://www.sainsburys.co.uk/wcsstore/ExtendedSitesCatalogAssetStore/images/catalog/productImages/75/8700216331975/8700216331975_S.jpeg",
            "full_url": "https://www.sainsburys.co.uk/shop/gb/groceries/product/details/fairy-non-bio-washing-liquid-detergent-50-washes",
            "unit_price": {
                "price": 6.06,
                "measure": "ltr",
                "measure_amount": 1
            },
            "retail_price": {
                "price": 7.5,
                "measure": "unit"
            },
            "nectar_price": {
                "retail_price": 7.5,
                "unit_price": 4.55,
                "measure": "unit",
                "url": "https://www.sainsburys.co.uk/shop/gb/groceries/new---trending/nectar-prices",
                "category_seo_url": "gb/groceries/new---trending/nectar-prices"
            },
            "is_available": true,
            "promotions": [
                {
                    "promotion_uid": "10671353",
                    "icon": "https://www.sainsburys.co.uk/wcsstore/Sainsburys/Promotion assets/Promotion icons/Buy_X_For_Y_Amt_S_Icon.gif",
                    "link": "/gol-ui/promo-lister/10671353",
                    "strap_line": "Buy 1 for 7.5",
                    "start_date": "2025-02-12T00:00:00Z",
                    "end_date": "2025-03-04T00:00:00Z",
                    "original_price": 10,
                    "promo_mechanic_id": "99",
                    "is_nectar": true,
                    "promo_type": "SIMPLE_FIXED_PRICE",
                    "promo_group": "simple"
                }
            ],
            "associations": [],
            "is_alcoholic": false,
            "is_spotlight": false,
            "is_intolerant": false,
            "is_mhra": false,
            "badges": [],
            "labels": [],
            "zone": null,
            "department": null,
            "reviews": {
                "is_enabled": true,
                "product_uid": "8199012",
                "total": 417,
                "average_rating": 4.8273
            },
            "breadcrumbs": [],
            "assets": {
                "plp_image": "https://assets.sainsburys-groceries.co.uk/gol/8199012/image.jpg",
                "images": [],
                "video": []
            },
            "description": [],
            "important_information": [
                "The above details have been prepared to help you select suitable products. Products and their ingredients are liable to change.",
                "\u003cstrong\u003eYou should always read the label before consuming or using the product and never rely solely on the information presented here.",
                "If you require specific advice on any Sainsbury's branded product, please contact our Customer Careline on 0800 636262. For all other products, please contact the manufacturer, whose details will appear on the packaging or label. Sainsbury's is therefore unable to accept liability for any incorrect information.",
                "You should also note that the picture / images show only our serving suggestions of how to serve or prepare your food – all accessories and additional items and/or ingredients pictured with the product you are purchasing are not included.",
                "This information is supplied for your personal use only. It may not be reproduced in any way without the prior consent of Sainsbury's Supermarkets Ltd and due acknowledgement"
            ],
            "attachments": [],
            "categories": [
                {
                    "id": "18667",
                    "name": "Special offers"
                },
                {
                    "id": "209255",
                    "name": "All detergents \u0026 washing powder"
                },
                {
                    "id": "209257",
                    "name": "Liquids \u0026 gels"
                },
                {
                    "id": "410357",
                    "name": "Special offers"
                }
            ],
            "header": {
                "text": "Nectar price",
                "type": "NECTAR"
            },
            "attributes": {
                "brand": [
                    "Fairy"
                ]
            },
            "is_supply_chain_orderable": false,
            "display_icons": [],
            "pdp_deep_link": "/shop/ProductDisplay?storeId=10151\u0026langId=44\u0026productId=1538526"
        },
        {
            "product_uid": "8130633",
            "favourite_uid": null,
            "eans": [
                "8001090365835",
                "8700216332194"
            ],
            "product_type": "BASIC",
            "name": "Fairy Non Bio Platinum Washing Liquid Gel 1.33L (38 Washes)",
            "image": "https://www.sainsburys.co.uk/wcsstore/ExtendedSitesCatalogAssetStore/images/catalog/productImages/35/8001090365835/8001090365835_L.jpeg",
            "image_zoom": null,
            "image_thumbnail": "https://www.sainsburys.co.uk/wcsstore/ExtendedSitesCatalogAssetStore/images/catalog/productImages/35/8001090365835/8001090365835_M.jpeg",
            "image_thumbnail_small": "https://www.sainsburys.co.uk/wcsstore/ExtendedSitesCatalogAssetStore/images/catalog/productImages/35/8001090365835/8001090365835_S.jpeg",
            "full_url": "https://www.sainsburys.co.uk/shop/gb/groceries/product/details/fairy-non-bio-washing-original-liquid-gel-38-washes-133l",
            "unit_price": {
                "price": 7.52,
                "measure": "ltr",
                "measure_amount": 1
            },
            "retail_price": {
                "price": 10,
                "measure": "unit"
            },
            "is_available": true,
            "promotions": [],
            "associations": [],
            "is_alcoholic": false,
            "is_spotlight": false,
            "is_intolerant": false,
            "is_mhra": false,
            "badges": [],
            "labels": [],
            "zone": null,
            "department": null,
            "reviews": {
                "is_enabled": true,
                "product_uid": "8130633",
                "total": 11,
                "average_rating": 4.0909
            },
            "breadcrumbs": [],
            "assets": {
                "plp_image": "https://assets.sainsburys-groceries.co.uk/gol/8130633/image.jpg",
                "images": [],
                "video": []
            },
            "description": [],
            "important_information": [
                "The above details have been prepared to help you select suitable products. Products and their ingredients are liable to change.",
                "\u003cstrong\u003eYou should always read the label before consuming or using the product and never rely solely on the information presented here.",
                "If you require specific advice on any Sainsbury's branded product, please contact our Customer Careline on 0800 636262. For all other products, please contact the manufacturer, whose details will appear on the packaging or label. Sainsbury's is therefore unable to accept liability for any incorrect information.",
                "You should also note that the picture / images show only our serving suggestions of how to serve or prepare your food – all accessories and additional items and/or ingredients pictured with the product you are purchasing are not included.",
                "This information is supplied for your personal use only. It may not be reproduced in any way without the prior consent of Sainsbury's Supermarkets Ltd and due acknowledgement"
            ],
            "attachments": [],
            "categories": [
                {
                    "id": "12629",
                    "name": "Laundry aids \u0026 accessories"
                },
                {
                    "id": "140651",
                    "name": "Household bigger packs"
                },
                {
                    "id": "209255",
                    "name": "All detergents \u0026 washing powder"
                },
                {
                    "id": "209257",
                    "name": "Liquids \u0026 gels"
                },
                {
                    "id": "510370",
                    "name": "Baby laundry"
                }
            ],
            "attributes": {
                "brand": [
                    "Fairy"
                ]
            },
            "is_supply_chain_orderable": false,
            "display_icons": [],
            "pdp_deep_link": "/shop/ProductDisplay?storeId=10151\u0026langId=44\u0026productId=1462944"
        },
        {
            "product_uid": "7903699",
            "favourite_uid": null,
            "eans": [
                "8001090403957",
                "8700216633499",
                "8001090433350"
            ],
            "product_type": "BASIC",
            "name": "Fairy Platinum Quickwash Original Washing Up Liquid 900ml",
            "image": "https://www.sainsburys.co.uk/wcsstore/ExtendedSitesCatalogAssetStore/images/catalog/productImages/99/8700216633499/8700216633499_L.jpeg",
            "image_zoom": null,
            "image_thumbnail": "https://www.sainsburys.co.uk/wcsstore/ExtendedSitesCatalogAssetStore/images/catalog/productImages/99/8700216633499/8700216633499_M.jpeg",
            "image_thumbnail_small": "https://www.sainsburys.co.uk/wcsstore/ExtendedSitesCatalogAssetStore/images/catalog/productImages/99/8700216633499/8700216633499_S.jpeg",
            "full_url": "https://www.sainsburys.co.uk/shop/gb/groceries/product/details/fairy-platinum-quickwash-original-washing-up-liquid-1050ml",
            "unit_price": {
                "price": 3.89,
                "measure": "ltr",
                "measure_amount": 1
            },
            "retail_price": {
                "price": 3.5,
                "measure": "unit"
            },
            "is_available": true,
            "promotions": [],
            "associations": [],
            "is_alcoholic": false,
            "is_spotlight": false,
            "is_intolerant": false,
            "is_mhra": false,
            "badges": [],
            "labels": [],
            "zone": null,
            "department": null,
            "reviews": {
                "is_enabled": true,
                "product_uid": "7903699",
                "total": 4099,
                "average_rating": 4.8575
            },
            "breadcrumbs": [],
            "assets": {
                "plp_image": "https://assets.sainsburys-groceries.co.uk/gol/7903699/image.jpg",
                "images": [],
                "video": []
            },
            "description": [],
            "important_information": [
                "The above details have been prepared to help you select suitable products. Products and their ingredients are liable to change.",
                "\u003cstrong\u003eYou should always read the label before consuming or using the product and never rely solely on the information presented here.",
                "If you require specific advice on any Sainsbury's branded product, please contact our Customer Careline on 0800 636262. For all other products, please contact the manufacturer, whose details will appear on the packaging or label. Sainsbury's is therefore unable to accept liability for any incorrect information.",
                "You should also note that the picture / images show only our serving suggestions of how to serve or prepare your food – all accessories and additional items and/or ingredients pictured with the product you are purchasing are not included.",
                "This information is supplied for your personal use only. It may not be reproduced in any way without the prior consent of Sainsbury's Supermarkets Ltd and due acknowledgement"
            ],
            "attachments": [],
            "categories": [
                {
                    "id": "210813",
                    "name": "Washing up liquids"
                }
            ],
            "attributes": {
                "brand": [
                    "Fairy"
                ]
            },
            "is_supply_chain_orderable": false,
            "display_icons": [],
            "pdp_deep_link": "/shop/ProductDisplay?storeId=10151\u0026langId=44\u0026productId=1496528"
        },
        {
            "product_uid": "8099501",
            "favourite_uid": null,
            "eans": [
                "8001090433541",
                "8700216650762",
                "8001090403988"
            ],
            "product_type": "BASIC",
            "name": "Fairy Antibacterial Eucalyptus Washing Up Liquid 870ml",
            "image": "https://www.sainsburys.co.uk/wcsstore/ExtendedSitesCatalogAssetStore/images/catalog/productImages/62/8700216650762/8700216650762_L.jpeg",
            "image_zoom": null,
            "image_thumbnail": "https://www.sainsburys.co.uk/wcsstore/ExtendedSitesCatalogAssetStore/images/catalog/productImages/62/8700216650762/8700216650762_M.jpeg",
            "image_thumbnail_small": "https://www.sainsburys.co.uk/wcsstore/ExtendedSitesCatalogAssetStore/images/catalog/productImages/62/8700216650762/8700216650762_S.jpeg",
            "full_url": "https://www.sainsburys.co.uk/shop/gb/groceries/product/details/fairy-antibacterial-eucalyptus-washing-up-liquid-870ml",
            "unit_price": {
                "price": 3.89,
                "measure": "ltr",
                "measure_amount": 1
            },
            "retail_price": {
                "price": 3.5,
                "measure": "unit"
            },
            "is_available": true,
            "promotions": [],
            "associations": [],
            "is_alcoholic": false,
            "is_spotlight": false,
            "is_intolerant": false,
            "is_mhra": false,
            "badges": [],
            "labels": [],
            "zone": null,
            "department": null,
            "reviews": {
                "is_enabled": true,
                "product_uid": "8099501",
                "total": 34,
                "average_rating": 4.7941
            },
            "breadcrumbs": [],
            "assets": {
                "plp_image": "https://assets.sainsburys-groceries.co.uk/gol/8099501/image.jpg",
                "images": [],
                "video": []
            },
            "description": [],
            "important_information": [
                "The above details have been prepared to help you select suitable products. Products and their ingredients are liable to change.",
                "\u003cstrong\u003eYou should always read the label before consuming or using the product and never rely solely on the information presented here.",
                "If you require specific advice on any Sainsbury's branded product, please contact our Customer Careline on 0800 636262. For all other products, please contact the manufacturer, whose details will appear on the packaging or label. Sainsbury's is therefore unable to accept liability for any incorrect information.",
                "You should also note that the picture / images show only our serving suggestions of how to serve or prepare your food – all accessories and additional items and/or ingredients pictured with the product you are purchasing are not included.",
                "This information is supplied for your personal use only. It may not be reproduced in any way without the prior consent of Sainsbury's Supermarkets Ltd and due acknowledgement"
            ],
            "attachments": [],
            "categories": [
                {
                    "id": "210813",
                    "name": "Washing up liquids"
                },
                {
                    "id": "500881",
                    "name": "Anti-bacterial"
                }
            ],
            "attributes": {
                "brand": [
                    "Fairy"
                ]
            },
            "is_supply_chain_orderable": false,
            "display_icons": [],
            "pdp_deep_link": "/shop/ProductDisplay?storeId=10151\u0026langId=44\u0026productId=1496530"
        },
        {
            "product_uid": "8198533",
            "favourite_uid": null,
            "eans": [
                "8700216526432"
            ],
            "product_type": "BASIC",
            "name": "Fairy Non Bio Washing Liquid Detergent 80 Washes",
            "image": "https://www.sainsburys.co.uk/wcsstore/ExtendedSitesCatalogAssetStore/images/catalog/productImages/32/8700216526432/8700216526432_L.jpeg",
            "image_zoom": null,
            "image_thumbnail": "https://www.sainsburys.co.uk/wcsstore/ExtendedSitesCatalogAssetStore/images/catalog/productImages/32/8700216526432/8700216526432_M.jpeg",
            "image_thumbnail_small": "https://www.sainsburys.co.uk/wcsstore/ExtendedSitesCatalogAssetStore/images/catalog/productImages/32/8700216526432/8700216526432_S.jpeg",
            "full_url": "https://www.sainsburys.co.uk/shop/gb/groceries/product/details/fairy-non-bio-liquid-detergent-80-washes",
            "unit_price": {
                "price": 4.36,
                "measure": "ltr",
                "measure_amount": 1
            },
            "retail_price": {
                "price": 11.5,
                "measure": "unit"
            },
            "is_available": true,
            "promotions": [],
            "associations": [],
            "is_alcoholic": false,
            "is_spotlight": false,
            "is_intolerant": false,
            "is_mhra": false,
            "badges": [],
            "labels": [
                {
                    "label_uid": "LOW EVERYDAY PRICE",
                    "text": "LOW EVERYDAY PRICE",
                    "alt_text": "LOW EVERYDAY PRICE",
                    "color": "#D70000",
                    "link_opens_in_new_window": false
                }
            ],
            "zone": null,
            "department": null,
            "reviews": {
                "is_enabled": true,
                "product_uid": "8198533",
                "total": 415,
                "average_rating": 4.8193
            },
            "breadcrumbs": [],
            "assets": {
                "plp_image": "https://assets.sainsburys-groceries.co.uk/gol/8198533/image.jpg",
                "images": [],
                "video": []
            },
            "description": [],
            "important_information": [
                "The above details have been prepared to help you select suitable products. Products and their ingredients are liable to change.",
                "\u003cstrong\u003eYou should always read the label before consuming or using the product and never rely solely on the information presented here.",
                "If you require specific advice on any Sainsbury's branded product, please contact our Customer Careline on 0800 636262. For all other products, please contact the manufacturer, whose details will appear on the packaging or label. Sainsbury's is therefore unable to accept liability for any incorrect information.",
                "You should also note that the picture / images show only our serving suggestions of how to serve or prepare your food – all accessories and additional items and/or ingredients pictured with the product you are purchasing are not included.",
                "This information is supplied for your personal use only. It may not be reproduced in any way without the prior consent of Sainsbury's Supermarkets Ltd and due acknowledgement"
            ],
            "attachments": [],
            "categories": [
                {
                    "id": "209255",
                    "name": "All detergents \u0026 washing powder"
                },
                {
                    "id": "209257",
                    "name": "Liquids \u0026 gels"
                },
                {
                    "id": "607853",
                    "name": "Low everyday prices"
                }
            ],
            "attributes": {
                "brand": [
                    "Fairy"
                ]
            },
            "is_supply_chain_orderable": false,
            "display_icons": [
                "LOW EVERYDAY PRICE"
            ],
            "pdp_deep_link": "/shop/ProductDisplay?storeId=10151\u0026langId=44\u0026productId=1537856"
        },
        {
            "product_uid": "8199229",
            "favourite_uid": null,
            "eans": [
                "8700216396257"
            ],
            "product_type": "BASIC",
            "name": "Fairy Original Washing Up Liquid Green with Lift Action 1450ml",
            "image": "https://www.sainsburys.co.uk/wcsstore/ExtendedSitesCatalogAssetStore/images/catalog/productImages/57/8700216396257/8700216396257_L.jpeg",
            "image_zoom": null,
            "image_thumbnail": "https://www.sainsburys.co.uk/wcsstore/ExtendedSitesCatalogAssetStore/images/catalog/productImages/57/8700216396257/8700216396257_M.jpeg",
            "image_thumbnail_small": "https://www.sainsburys.co.uk/wcsstore/ExtendedSitesCatalogAssetStore/images/catalog/productImages/57/8700216396257/8700216396257_S.jpeg",
            "full_url": "https://www.sainsburys.co.uk/shop/gb/groceries/product/details/fairy-original-washing-up-liquid-green-with-lift-action-1450ml",
            "unit_price": {
                "price": 2.76,
                "measure": "ltr",
                "measure_amount": 1
            },
            "retail_price": {
                "price": 4,
                "measure": "unit"
            },
            "is_available": true,
            "promotions": [],
            "associations": [],
            "is_alcoholic": false,
            "is_spotlight": false,
            "is_intolerant": false,
            "is_mhra": false,
            "badges": [],
            "labels": [
                {
                    "label_uid": "LOW EVERYDAY PRICE",
                    "text": "LOW EVERYDAY PRICE",
                    "alt_text": "LOW EVERYDAY PRICE",
                    "color": "#D70000",
                    "link_opens_in_new_window": false
                }
            ],
            "zone": null,
            "department": null,
            "reviews": {
                "is_enabled": true,
                "product_uid": "8199229",
                "total": 11,
                "average_rating": 4.7273
            },
            "breadcrumbs": [],
            "assets": {
                "plp_image": "https://assets.sainsburys-groceries.co.uk/gol/8199229/image.jpg",
                "images": [],
                "video": []
            },
            "description": [],
            "important_information": [
                "The above details have been prepared to help you select suitable products. Products and their ingredients are liable to change.",
                "\u003cstrong\u003eYou should always read the label before consuming or using the product and never rely solely on the information presented here.",
                "If you require specific advice on any Sainsbury's branded product, please contact our Customer Careline on 0800 636262. For all other products, please contact the manufacturer, whose details will appear on the packaging or label. Sainsbury's is therefore unable to accept liability for any incorrect information.",
                "You should also note that the picture / images show only our serving suggestions of how to serve or prepare your food – all accessories and additional items and/or ingredients pictured with the product you are purchasing are not included.",
                "This information is supplied for your personal use only. It may not be reproduced in any way without the prior consent of Sainsbury's Supermarkets Ltd and due acknowledgement"
            ],
            "attachments": [],
            "categories": [
                {
                    "id": "210813",
                    "name": "Washing up liquids"
                },
                {
                    "id": "607853",
                    "name": "Low everyday prices"
                }
            ],
            "attributes": {
                "brand": [
                    "Fairy"
                ]
            },
            "is_supply_chain_orderable": false,
            "display_icons": [
                "LOW EVERYDAY PRICE"
            ],
            "pdp_deep_link": "/shop/ProductDisplay?storeId=10151\u0026langId=44\u0026productId=1538744"
        },
        {
            "product_uid": "8130765",
            "favourite_uid": null,
            "eans": [
                "8001090711786",
                "8700216332231"
            ],
            "product_type": "BASIC",
            "name": "Fairy Non Bio Platinum Washing Liquid Gel 945ml (27 Washes)",
            "image": "https://www.sainsburys.co.uk/wcsstore/ExtendedSitesCatalogAssetStore/images/catalog/productImages/31/8700216332231/8700216332231_L.jpeg",
            "image_zoom": null,
            "image_thumbnail": "https://www.sainsburys.co.uk/wcsstore/ExtendedSitesCatalogAssetStore/images/catalog/productImages/31/8700216332231/8700216332231_M.jpeg",
            "image_thumbnail_small": "https://www.sainsburys.co.uk/wcsstore/ExtendedSitesCatalogAssetStore/images/catalog/productImages/31/8700216332231/8700216332231_S.jpeg",
            "full_url": "https://www.sainsburys.co.uk/shop/gb/groceries/product/details/fairy-non-bio-washing-liquid-original-gel-27-washes-945ml",
            "unit_price": {
                "price": 7.94,
                "measure": "ltr",
                "measure_amount": 1
            },
            "retail_price": {
                "price": 6.5,
                "measure": "unit"
            },
            "nectar_price": {
                "retail_price": 6.5,
                "unit_price": 6.88,
                "measure": "unit",
                "url": "https://www.sainsburys.co.uk/shop/gb/groceries/new---trending/nectar-prices",
                "category_seo_url": "gb/groceries/new---trending/nectar-prices"
            },
            "is_available": true,
            "promotions": [
                {
                    "promotion_uid": "10671416",
                    "icon": "https://www.sainsburys.co.uk/wcsstore/Sainsburys/Promotion assets/Promotion icons/Buy_X_For_Y_Amt_S_Icon.gif",
                    "link": "/gol-ui/promo-lister/10671416",
                    "strap_line": "Buy 1 for 6.5",
                    "start_date": "2025-02-12T00:00:00Z",
                    "end_date": "2025-03-04T00:00:00Z",
                    "original_price": 7.5,
                    "promo_mechanic_id": "99",
                    "is_nectar": true,
                    "promo_type": "SIMPLE_FIXED_PRICE",
                    "promo_group": "simple"
                }
            ],
            "associations": [],
            "is_alcoholic": false,
            "is_spotlight": false,
            "is_intolerant": false,
            "is_mhra": false,
            "badges": [],
            "labels": [],
            "zone": null,
            "department": null,
            "reviews": {
                "is_enabled": true,
                "product_uid": "8130765",
                "total": 11,
                "average_rating": 4.0909
            },
            "breadcrumbs": [],
            "assets": {
                "plp_image": "https://assets.sainsburys-groceries.co.uk/gol/8130765/image.jpg",
                "images": [],
                "video": []
            },
            "description": [],
            "important_information": [
                "The above details have been prepared to help you select suitable products. Products and their ingredients are liable to change.",
                "\u003cstrong\u003eYou should always read the label before consuming or using the product and never rely solely on the information presented here.",
                "If you require specific advice on any Sainsbury's branded product, please contact our Customer Careline on 0800 636262. For all other products, please contact the manufacturer, whose details will appear on the packaging or label. Sainsbury's is therefore unable to accept liability for any incorrect information.",
                "You should also note that the picture / images show only our serving suggestions of how to serve or prepare your food – all accessories and additional items and/or ingredients pictured with the product you are purchasing are not included.",
                "This information is supplied for your personal use only. It may not be reproduced in any way without the prior consent of Sainsbury's Supermarkets Ltd and due acknowledgement"
            ],
            "attachments": [],
            "categories": [
                {
                    "id": "12629",
                    "name": "Laundry aids \u0026 accessories"
                },
                {
                    "id": "18667",
                    "name": "Special offers"
                },
                {
                    "id": "209255",
                    "name": "All detergents \u0026 washing powder"
                },
                {
                    "id": "209257",
                    "name": "Liquids \u0026 gels"
                },
                {
                    "id": "410357",
                    "name": "Special offers"
                },
                {
                    "id": "510370",
                    "name": "Baby laundry"
                }
            ],
            "header": {
                "text": "Nectar price",
                "type": "NECTAR"
            },
            "attributes": {
                "brand": [
                    "Fairy"
                ]
            },
            "is_supply_chain_orderable": false,
            "display_icons": [],
            "pdp_deep_link": "/shop/ProductDisplay?storeId=10151\u0026langId=44\u0026productId=1463032"
        },
        {
            "product_uid": "8199232",
            "favourite_uid": null,
            "eans": [
                "8700216670814",
                "8700216393829"
            ],
            "product_type": "BASIC",
            "name": "Fairy Max Lemon Power Washing Up Liquid 640ml",
            "image": "https://www.sainsburys.co.uk/wcsstore/ExtendedSitesCatalogAssetStore/images/catalog/productImages/14/8700216670814/8700216670814_L.jpeg",
            "image_zoom": null,
            "image_thumbnail": "https://www.sainsburys.co.uk/wcsstore/ExtendedSitesCatalogAssetStore/images/catalog/productImages/14/8700216670814/8700216670814_M.jpeg",
            "image_thumbnail_small": "https://www.sainsburys.co.uk/wcsstore/ExtendedSitesCatalogAssetStore/images/catalog/productImages/14/8700216670814/8700216670814_S.jpeg",
            "full_url": "https://www.sainsburys.co.uk/shop/gb/groceries/product/details/fairy-max-lemon-power-washing-up-liquid-640ml",
            "unit_price": {
                "price": 5.68,
                "measure": "ltr",
                "measure_amount": 1
            },
            "retail_price": {
                "price": 3.75,
                "measure": "unit"
            },
            "is_available": true,
            "promotions": [],
            "associations": [],
            "is_alcoholic": false,
            "is_spotlight": false,
            "is_intolerant": false,
            "is_mhra": false,
            "badges": [],
            "labels": [],
            "zone": null,
            "department": null,
            "reviews": {
                "is_enabled": true,
                "product_uid": "8199232",
                "total": 14,
                "average_rating": 4.7143
            },
            "breadcrumbs": [],
            "assets": {
                "plp_image": "https://assets.sainsburys-groceries.co.uk/gol/8199232/image.jpg",
                "images": [],
                "video": []
            },
            "description": [],
            "important_information": [
                "The above details have been prepared to help you select suitable products. Products and their ingredients are liable to change.",
                "\u003cstrong\u003eYou should always read the label before consuming or using the product and never rely solely on the information presented here.",
                "If you require specific advice on any Sainsbury's branded product, please contact our Customer Careline on 0800 636262. For all other products, please contact the manufacturer, whose details will appear on the packaging or label. Sainsbury's is therefore unable to accept liability for any incorrect information.",
                "You should also note that the picture / images show only our serving suggestions of how to serve or prepare your food – all accessories and additional items and/or ingredients pictured with the product you are purchasing are not included.",
                "This information is supplied for your personal use only. It may not be reproduced in any way without the prior consent of Sainsbury's Supermarkets Ltd and due acknowledgement"
            ],
            "attachments": [],
            "categories": [
                {
                    "id": "210813",
                    "name": "Washing up liquids"
                }
            ],
            "attributes": {
                "brand": [
                    "Fairy"
                ]
            },
            "is_supply_chain_orderable": false,
            "display_icons": [],
            "pdp_deep_link": "/shop/ProductDisplay?storeId=10151\u0026langId=44\u0026productId=1538748"
        },
        {
            "product_uid": "8199225",
            "favourite_uid": null,
            "eans": [
                "8006540994412"
            ],
            "product_type": "BASIC",
            "name": "Fairy Lemon Washing Up Liquid with Lift Action 654ml",
            "image": "https://www.sainsburys.co.uk/wcsstore/ExtendedSitesCatalogAssetStore/images/catalog/productImages/12/8006540994412/8006540994412_L.jpeg",
            "image_zoom": null,
            "image_thumbnail": "https://www.sainsburys.co.uk/wcsstore/ExtendedSitesCatalogAssetStore/images/catalog/productImages/12/8006540994412/8006540994412_M.jpeg",
            "image_thumbnail_small": "https://www.sainsburys.co.uk/wcsstore/ExtendedSitesCatalogAssetStore/images/catalog/productImages/12/8006540994412/8006540994412_S.jpeg",
            "full_url": "https://www.sainsburys.co.uk/shop/gb/groceries/product/details/fairy-lemon-washing-up-liquid-with-lift-action-654ml",
            "unit_price": {
                "price": 3.06,
                "measure": "ltr",
                "measure_amount": 1
            },
            "retail_price": {
                "price": 2,
                "measure": "unit"
            },
            "is_available": true,
            "promotions": [],
            "associations": [],
            "is_alcoholic": false,
            "is_spotlight": false,
            "is_intolerant": false,
            "is_mhra": false,
            "badges": [],
            "labels": [
                {
                    "label_uid": "LOW EVERYDAY PRICE",
                    "text": "LOW EVERYDAY PRICE",
                    "alt_text": "LOW EVERYDAY PRICE",
                    "color": "#D70000",
                    "link_opens_in_new_window": false
                }
            ],
            "zone": null,
            "department": null,
            "reviews": {
                "is_enabled": true,
                "product_uid": "8199225",
                "total": 2653,
                "average_rating": 4.8164
            },
            "breadcrumbs": [],
            "assets": {
                "plp_image": "https://assets.sainsburys-groceries.co.uk/gol/8199225/image.jpg",
                "images": [],
                "video": []
            },
            "description": [],
            "important_information": [
                "The above details have been prepared to help you select suitable products. Products and their ingredients are liable to change.",
                "\u003cstrong\u003eYou should always read the label before consuming or using the product and never rely solely on the information presented here.",
                "If you require specific advice on any Sainsbury's branded product, please contact our Customer Careline on 0800 636262. For all other products, please contact the manufacturer, whose details will appear on the packaging or label. Sainsbury's is therefore unable to accept liability for any incorrect information.",
                "You should also note that the picture / images show only our serving suggestions of how to serve or prepare your food – all accessories and additional items and/or ingredients pictured with the product you are purchasing are not included.",
                "This information is supplied for your personal use only. It may not be reproduced in any way without the prior consent of Sainsbury's Supermarkets Ltd and due acknowledgement"
            ],
            "attachments": [],
            "categories": [
                {
                    "id": "210813",
                    "name": "Washing up liquids"
                },
                {
                    "id": "607853",
                    "name": "Low everyday prices"
                }
            ],
            "attributes": {
                "brand": [
                    "Fairy"
                ]
            },
            "is_supply_chain_orderable": false,
            "display_icons": [
                "LOW EVERYDAY PRICE"
            ],
            "pdp_deep_link": "/shop/ProductDisplay?storeId=10151\u0026langId=44\u0026productId=1538740"
        },
        {
            "product_uid": "8199218",
            "favourite_uid": null,
            "eans": [
                "8700216500975"
            ],
            "product_type": "BASIC",
            "name": "Fairy Washing Up Liquid Lemon with Lift Action 1450ml",
            "image": "https://www.sainsburys.co.uk/wcsstore/ExtendedSitesCatalogAssetStore/images/catalog/productImages/75/8700216500975/8700216500975_L.jpeg",
            "image_zoom": null,
            "image_thumbnail": "https://www.sainsburys.co.uk/wcsstore/ExtendedSitesCatalogAssetStore/images/catalog/productImages/75/8700216500975/8700216500975_M.jpeg",
            "image_thumbnail_small": "https://www.sainsburys.co.uk/wcsstore/ExtendedSitesCatalogAssetStore/images/catalog/productImages/75/8700216500975/8700216500975_S.jpeg",
            "full_url": "https://www.sainsburys.co.uk/shop/gb/groceries/product/details/fairy-washing-up-liquid-lemon-with-lift-action-1450ml",
            "unit_price": {
                "price": 2.76,
                "measure": "ltr",
                "measure_amount": 1
            },
            "retail_price": {
                "price": 4,
                "measure": "unit"
            },
            "is_available": true,
            "promotions": [],
            "associations": [],
            "is_alcoholic": false,
            "is_spotlight": false,
            "is_intolerant": false,
            "is_mhra": false,
            "badges": [],
            "labels": [
                {
                    "label_uid": "LOW EVERYDAY PRICE",
                    "text": "LOW EVERYDAY PRICE",
                    "alt_text": "LOW EVERYDAY PRICE",
                    "color": "#D70000",
                    "link_opens_in_new_window": false
                }
            ],
            "zone": null,
            "department": null,
            "reviews": {
                "is_enabled": true,
                "product_uid": "8199218",
                "total": 13,
                "average_rating": 4.8462
            },
            "breadcrumbs": [],
            "assets": {
                "plp_image": "https://assets.sainsburys-groceries.co.uk/gol/8199218/image.jpg",
                "images": [],
                "video": []
            },
            "description": [],
            "important_information": [
                "The above details have been prepared to help you select suitable products. Products and their ingredients are liable to change.",
                "\u003cstrong\u003eYou should always read the label before consuming or using the product and never rely solely on the information presented here.",
                "If you require specific advice on any Sainsbury's branded product, please contact our Customer Careline on 0800 636262. For all other products, please contact the manufacturer, whose details will appear on the packaging or label. Sainsbury's is therefore unable to accept liability for any incorrect information.",
                "You should also note that the picture / images show only our serving suggestions of how to serve or prepare your food – all accessories and additional items and/or ingredients pictured with the product you are purchasing are not included.",
                "This information is supplied for your personal use only. It may not be reproduced in any way without the prior consent of Sainsbury's Supermarkets Ltd and due acknowledgement"
            ],
            "attachments": [],
            "categories": [
                {
                    "id": "210813",
                    "name": "Washing up liquids"
                },
                {
                    "id": "607853",
                    "name": "Low everyday prices"
                }
            ],
            "attributes": {
                "brand": [
                    "Fairy"
                ]
            },
            "is_supply_chain_orderable": false,
            "display_icons": [
                "LOW EVERYDAY PRICE"
            ],
            "pdp_deep_link": "/shop/ProductDisplay?storeId=10151\u0026langId=44\u0026productId=1538734"
        },
        {
            "product_uid": "8198830",
            "favourite_uid": null,
            "eans": [
                "8700216464239"
            ],
            "product_type": "BASIC",
            "name": "Fairy Non Bio Platinum Pods Washing Liquid Capsules 52 Washes",
            "image": "https://www.sainsburys.co.uk/wcsstore/ExtendedSitesCatalogAssetStore/images/catalog/productImages/39/8700216464239/8700216464239_L.jpeg",
            "image_zoom": null,
            "image_thumbnail": "https://www.sainsburys.co.uk/wcsstore/ExtendedSitesCatalogAssetStore/images/catalog/productImages/39/8700216464239/8700216464239_M.jpeg",
            "image_thumbnail_small": "https://www.sainsburys.co.uk/wcsstore/ExtendedSitesCatalogAssetStore/images/catalog/productImages/39/8700216464239/8700216464239_S.jpeg",
            "full_url": "https://www.sainsburys.co.uk/shop/gb/groceries/product/details/fairy-non-bio-platinum-pods-52-washes",
            "unit_price": {
                "price": 12.22,
                "measure": "kg",
                "measure_amount": 1
            },
            "retail_price": {
                "price": 14,
                "measure": "unit"
            },
            "is_available": true,
            "promotions": [],
            "associations": [],
            "is_alcoholic": false,
            "is_spotlight": false,
            "is_intolerant": false,
            "is_mhra": false,
            "badges": [],
            "labels": [],
            "zone": null,
            "department": null,
            "reviews": {
                "is_enabled": true,
                "product_uid": "8198830",
                "total": 72,
                "average_rating": 4.7778
            },
            "breadcrumbs": [],
            "assets": {
                "plp_image": "https://assets.sainsburys-groceries.co.uk/gol/8198830/image.jpg",
                "images": [],
                "video": []
            },
            "description": [],
            "important_information": [
                "The above details have been prepared to help you select suitable products. Products and their ingredients are liable to change.",
                "\u003cstrong\u003eYou should always read the label before consuming or using the product and never rely solely on the information presented here.",
                "If you require specific advice on any Sainsbury's branded product, please contact our Customer Careline on 0800 636262. For all other products, please contact the manufacturer, whose details will appear on the packaging or label. Sainsbury's is therefore unable to accept liability for any incorrect information.",
                "You should also note that the picture / images show only our serving suggestions of how to serve or prepare your food – all accessories and additional items and/or ingredients pictured with the product you are purchasing are not included.",
                "This information is supplied for your personal use only. It may not be reproduced in any way without the prior consent of Sainsbury's Supermarkets Ltd and due acknowledgement"
            ],
            "attachments": [],
            "categories": [
                {
                    "id": "209255",
                    "name": "All detergents \u0026 washing powder"
                },
                {
                    "id": "209258",
                    "name": "Capsules"
                }
            ],
            "attributes": {
                "brand": [
                    "Fairy"
                ]
            },
            "is_supply_chain_orderable": false,
            "display_icons": [],
            "pdp_deep_link": "/shop/ProductDisplay?storeId=10151\u0026langId=44\u0026productId=1538200"
        },
        {
            "product_uid": "8216190",
            "favourite_uid": null,
            "eans": [
                "8700216671705"
            ],
            "product_type": "BASIC",
            "name": "Fairy Max Power Washing Up Liquid Antibacterial 545ml",
            "image": "https://www.sainsburys.co.uk/wcsstore/ExtendedSitesCatalogAssetStore/images/catalog/productImages/05/8700216671705/8700216671705_L.jpeg",
            "image_zoom": null,
            "image_thumbnail": "https://www.sainsburys.co.uk/wcsstore/ExtendedSitesCatalogAssetStore/images/catalog/productImages/05/8700216671705/8700216671705_M.jpeg",
            "image_thumbnail_small": "https://www.sainsburys.co.uk/wcsstore/ExtendedSitesCatalogAssetStore/images/catalog/productImages/05/8700216671705/8700216671705_S.jpeg",
            "full_url": "https://www.sainsburys.co.uk/shop/gb/groceries/product/details/fairy-max-power-washing-up-liquid-antibacterial-545ml",
            "unit_price": {
                "price": 5.96,
                "measure": "ltr",
                "measure_amount": 1
            },
            "retail_price": {
                "price": 2.75,
                "measure": "unit"
            },
            "nectar_price": {
                "retail_price": 2.75,
                "unit_price": 5.04,
                "measure": "unit",
                "url": "https://www.sainsburys.co.uk/shop/gb/groceries/new---trending/nectar-prices",
                "category_seo_url": "gb/groceries/new---trending/nectar-prices"
            },
            "is_available": true,
            "promotions": [
                {
                    "promotion_uid": "10670954",
                    "icon": "https://www.sainsburys.co.uk/wcsstore/Sainsburys/Promotion assets/Promotion icons/Buy_X_For_Y_Amt_S_Icon.gif",
                    "link": "/gol-ui/promo-lister/10670954",
                    "strap_line": "Buy 1 for 2.75",
                    "start_date": "2025-02-12T00:00:00Z",
                    "end_date": "2025-03-04T00:00:00Z",
                    "original_price": 3.25,
                    "promo_mechanic_id": "99",
                    "is_nectar": true,
                    "promo_type": "SIMPLE_FIXED_PRICE",
                    "promo_group": "simple"
                }
            ],
            "associations": [],
            "is_alcoholic": false,
            "is_spotlight": false,
            "is_intolerant": false,
            "is_mhra": false,
            "badges": [],
            "labels": [
                {
                    "label_uid": "NewProduct",
                    "text": "New",
                    "alt_text": "New",
                    "color": "#00A9CF",
                    "link_opens_in_new_window": true
                }
            ],
            "zone": null,
            "department": null,
            "reviews": {
                "is_enabled": true,
                "product_uid": "8216190",
                "total": 1,
                "average_rating": 5
            },
            "breadcrumbs": [],
            "assets": {
                "plp_image": "https://assets.sainsburys-groceries.co.uk/gol/8216190/image.jpg",
                "images": [],
                "video": []
            },
            "description": [],
            "important_information": [
                "The above details have been prepared to help you select suitable products. Products and their ingredients are liable to change.",
                "\u003cstrong\u003eYou should always read the label before consuming or using the product and never rely solely on the information presented here.",
                "If you require specific advice on any Sainsbury's branded product, please contact our Customer Careline on 0800 636262. For all other products, please contact the manufacturer, whose details will appear on the packaging or label. Sainsbury's is therefore unable to accept liability for any incorrect information.",
                "You should also note that the picture / images show only our serving suggestions of how to serve or prepare your food – all accessories and additional items and/or ingredients pictured with the product you are purchasing are not included.",
                "This information is supplied for your personal use only. It may not be reproduced in any way without the prior consent of Sainsbury's Supermarkets Ltd and due acknowledgement"
            ],
            "attachments": [],
            "categories": [
                {
                    "id": "18689",
                    "name": "Special offers"
                },
                {
                    "id": "210813",
                    "name": "Washing up liquids"
                },
                {
                    "id": "355373",
                    "name": "New"
                },
                {
                    "id": "410357",
                    "name": "Special offers"
                },
                {
                    "id": "419372",
                    "name": "New"
                },
                {
                    "id": "419537",
                    "name": "New"
                }
            ],
            "header": {
                "text": "Nectar price",
                "type": "NECTAR"
            },
            "attributes": {
                "brand": [
                    "Fairy"
                ]
            },
            "is_supply_chain_orderable": false,
            "display_icons": [
                "NewProduct"
            ],
            "pdp_deep_link": "/shop/ProductDisplay?storeId=10151\u0026langId=44\u0026productId=1560048"
        },
        {
            "product_uid": "8216194",
            "favourite_uid": null,
            "eans": [
                "8700216671798"
            ],
            "product_type": "BASIC",
            "name": "Fairy Max Power Washing Up Liquid Original 545ml",
            "image": "https://www.sainsburys.co.uk/wcsstore/ExtendedSitesCatalogAssetStore/images/catalog/productImages/98/8700216671798/8700216671798_L.jpeg",
            "image_zoom": null,
            "image_thumbnail": "https://www.sainsburys.co.uk/wcsstore/ExtendedSitesCatalogAssetStore/images/catalog/productImages/98/8700216671798/8700216671798_M.jpeg",
            "image_thumbnail_small": "https://www.sainsburys.co.uk/wcsstore/ExtendedSitesCatalogAssetStore/images/catalog/productImages/98/8700216671798/8700216671798_S.jpeg",
            "full_url": "https://www.sainsburys.co.uk/shop/gb/groceries/product/details/fairy-max-power-washing-up-liquid-original-545ml",
            "unit_price": {
                "price": 5.96,
                "measure": "ltr",
                "measure_amount": 1
            },
            "retail_price": {
                "price": 2.75,
                "measure": "unit"
            },
            "nectar_price": {
                "retail_price": 2.75,
                "unit_price": 5.04,
                "measure": "unit",
                "url": "https://www.sainsburys.co.uk/shop/gb/groceries/new---trending/nectar-prices",
                "category_seo_url": "gb/groceries/new---trending/nectar-prices"
            },
            "is_available": true,
            "promotions": [
                {
                    "promotion_uid": "10670954",
                    "icon": "https://www.sainsburys.co.uk/wcsstore/Sainsburys/Promotion assets/Promotion icons/Buy_X_For_Y_Amt_S_Icon.gif",
                    "link": "/gol-ui/promo-lister/10670954",
                    "strap_line": "Buy 1 for 2.75",
                    "start_date": "2025-02-12T00:00:00Z",
                    "end_date": "2025-03-04T00:00:00Z",
                    "original_price": 3.25,
                    "promo_mechanic_id": "99",
                    "is_nectar": true,
                    "promo_type": "SIMPLE_FIXED_PRICE",
                    "promo_group": "simple"
                }
            ],
            "associations": [],
            "is_alcoholic": false,
            "is_spotlight": false,
            "is_intolerant": false,
            "is_mhra": false,
            "badges": [],
            "labels": [
                {
                    "label_uid": "NewProduct",
                    "text": "New",
                    "alt_text": "New",
                    "color": "#00A9CF",
                    "link_opens_in_new_window": true
                }
            ],
            "zone": null,
            "department": null,
            "reviews": {
                "is_enabled": true,
                "product_uid": "8216194",
                "total": 0,
                "average_rating": 0
            },
            "breadcrumbs": [],
            "assets": {
                "plp_image": "https://assets.sainsburys-groceries.co.uk/gol/8216194/image.jpg",
                "images": [],
                "video": []
            },
            "description": [],
            "important_information": [
                "The above details have been prepared to help you select suitable products. Products and their ingredients are liable to change.",
                "\u003cstrong\u003eYou should always read the label before consuming or using the product and never rely solely on the information presented here.",
                "If you require specific advice on any Sainsbury's branded product, please contact our Customer Careline on 0800 636262. For all other products, please contact the manufacturer, whose details will appear on the packaging or label. Sainsbury's is therefore unable to accept liability for any incorrect information.",
                "You should also note that the picture / images show only our serving suggestions of how to serve or prepare your food – all accessories and additional items and/or ingredients pictured with the product you are purchasing are not included.",
                "This information is supplied for your personal use only. It may not be reproduced in any way without the prior consent of Sainsbury's Supermarkets Ltd and due acknowledgement"
            ],
            "attachments": [],
            "categories": [
                {
                    "id": "18689",
                    "name": "Special offers"
                },
                {
                    "id": "210813",
                    "name": "Washing up liquids"
                },
                {
                    "id": "355373",
                    "name": "New"
                },
                {
                    "id": "410357",
                    "name": "Special offers"
                },
                {
                    "id": "419372",
                    "name": "New"
                },
                {
                    "id": "419537",
                    "name": "New"
                }
            ],
            "header": {
                "text": "Nectar price",
                "type": "NECTAR"
            },
            "attributes": {
                "brand": [
                    "Fairy"
                ]
            },
            "is_supply_chain_orderable": false,
            "display_icons": [
                "NewProduct"
            ],
            "pdp_deep_link": "/shop/ProductDisplay?storeId=10151\u0026langId=44\u0026productId=1560052"
        },
        {
            "product_uid": "8216185",
            "favourite_uid": null,
            "eans": [
                "8700216671743"
            ],
            "product_type": "BASIC",
            "name": "Fairy Max Power Washing Up Liquid 545ml",
            "image": "https://www.sainsburys.co.uk/wcsstore/ExtendedSitesCatalogAssetStore/images/catalog/productImages/43/8700216671743/8700216671743_L.jpeg",
            "image_zoom": null,
            "image_thumbnail": "https://www.sainsburys.co.uk/wcsstore/ExtendedSitesCatalogAssetStore/images/catalog/productImages/43/8700216671743/8700216671743_M.jpeg",
            "image_thumbnail_small": "https://www.sainsburys.co.uk/wcsstore/ExtendedSitesCatalogAssetStore/images/catalog/productImages/43/8700216671743/8700216671743_S.jpeg",
            "full_url": "https://www.sainsburys.co.uk/shop/gb/groceries/product/details/fairy-max-power-washing-up-liquid-545ml",
            "unit_price": {
                "price": 5.96,
                "measure": "ltr",
                "measure_amount": 1
            },
            "retail_price": {
                "price": 2.75,
                "measure": "unit"
            },
            "nectar_price": {
                "retail_price": 2.75,
                "unit_price": 5.04,
                "measure": "unit",
                "url": "https://www.sainsburys.co.uk/shop/gb/groceries/new---trending/nectar-prices",
                "category_seo_url": "gb/groceries/new---trending/nectar-prices"
            },
            "is_available": true,
            "promotions": [
                {
                    "promotion_uid": "10670954",
                    "icon": "https://www.sainsburys.co.uk/wcsstore/Sainsburys/Promotion assets/Promotion icons/Buy_X_For_Y_Amt_S_Icon.gif",
                    "link": "/gol-ui/promo-lister/10670954",
                    "strap_line": "Buy 1 for 2.75",
                    "start_date": "2025-02-12T00:00:00Z",
                    "end_date": "2025-03-04T00:00:00Z",
                    "original_price": 3.25,
                    "promo_mechanic_id": "99",
                    "is_nectar": true,
                    "promo_type": "SIMPLE_FIXED_PRICE",
                    "promo_group": "simple"
                }
            ],
            "associations": [],
            "is_alcoholic": false,
            "is_spotlight": false,
            "is_intolerant": false,
            "is_mhra": false,
            "badges": [],
            "labels": [
                {
                    "label_uid": "NewProduct",
                    "text": "New",
                    "alt_text": "New",
                    "color": "#00A9CF",
                    "link_opens_in_new_window": true
                }
            ],
            "zone": null,
            "department": null,
            "reviews": {
                "is_enabled": true,
                "product_uid": "8216185",
                "total": 1,
                "average_rating": 5
            },
            "breadcrumbs": [],
            "assets": {
                "plp_image": "https://assets.sainsburys-groceries.co.uk/gol/8216185/image.jpg",
                "images": [],
                "video": []
            },
            "description": [],
            "important_information": [
                "The above details have been prepared to help you select suitable products. Products and their ingredients are liable to change.",
                "\u003cstrong\u003eYou should always read the label before consuming or using the product and never rely solely on the information presented here.",
                "If you require specific advice on any Sainsbury's branded product, please contact our Customer Careline on 0800 636262. For all other products, please contact the manufacturer, whose details will appear on the packaging or label. Sainsbury's is therefore unable to accept liability for any incorrect information.",
                "You should also note that the picture / images show only our serving suggestions of how to serve or prepare your food – all accessories and additional items and/or ingredients pictured with the product you are purchasing are not included.",
                "This information is supplied for your personal use only. It may not be reproduced in any way without the prior consent of Sainsbury's Supermarkets Ltd and due acknowledgement"
            ],
            "attachments": [],
            "categories": [
                {
                    "id": "18689",
                    "name": "Special offers"
                },
                {
                    "id": "210813",
                    "name": "Washing up liquids"
                },
                {
                    "id": "355373",
                    "name": "New"
                },
                {
                    "id": "410357",
                    "name": "Special offers"
                },
                {
                    "id": "419372",
                    "name": "New"
                },
                {
                    "id": "419537",
                    "name": "New"
                }
            ],
            "header": {
                "text": "Nectar price",
                "type": "NECTAR"
            },
            "attributes": {
                "brand": [
                    "Fairy"
                ]
            },
            "is_supply_chain_orderable": false,
            "display_icons": [
                "NewProduct"
            ],
            "pdp_deep_link": "/shop/ProductDisplay?storeId=10151\u0026langId=44\u0026productId=1560044"
        },
        {
            "product_uid": "8216180",
            "favourite_uid": null,
            "eans": [
                "8700216671651"
            ],
            "product_type": "BASIC",
            "name": "Fairy Max Power Washing Up Liquid Original 730ml",
            "image": "https://www.sainsburys.co.uk/wcsstore/ExtendedSitesCatalogAssetStore/images/catalog/productImages/51/8700216671651/8700216671651_L.jpeg",
            "image_zoom": null,
            "image_thumbnail": "https://www.sainsburys.co.uk/wcsstore/ExtendedSitesCatalogAssetStore/images/catalog/productImages/51/8700216671651/8700216671651_M.jpeg",
            "image_thumbnail_small": "https://www.sainsburys.co.uk/wcsstore/ExtendedSitesCatalogAssetStore/images/catalog/productImages/51/8700216671651/8700216671651_S.jpeg",
            "full_url": "https://www.sainsburys.co.uk/shop/gb/groceries/product/details/fairy-max-power-washing-up-liquid-original-730ml",
            "unit_price": {
                "price": 4.79,
                "measure": "ltr",
                "measure_amount": 1
            },
            "retail_price": {
                "price": 3.5,
                "measure": "unit"
            },
            "is_available": true,
            "promotions": [],
            "associations": [],
            "is_alcoholic": false,
            "is_spotlight": false,
            "is_intolerant": false,
            "is_mhra": false,
            "badges": [],
            "labels": [
                {
                    "label_uid": "NewProduct",
                    "text": "New",
                    "alt_text": "New",
                    "color": "#00A9CF",
                    "link_opens_in_new_window": true
                }
            ],
            "zone": null,
            "department": null,
            "reviews": {
                "is_enabled": true,
                "product_uid": "8216180",
                "total": 2,
                "average_rating": 5
            },
            "breadcrumbs": [],
            "assets": {
                "plp_image": "https://assets.sainsburys-groceries.co.uk/gol/8216180/image.jpg",
                "images": [],
                "video": []
            },
            "description": [],
            "important_information": [
                "The above details have been prepared to help you select suitable products. Products and their ingredients are liable to change.",
                "\u003cstrong\u003eYou should always read the label before consuming or using the product and never rely solely on the information presented here.",
                "If you require specific advice on any Sainsbury's branded product, please contact our Customer Careline on 0800 636262. For all other products, please contact the manufacturer, whose details will appear on the packaging or label. Sainsbury's is therefore unable to accept liability for any incorrect information.",
                "You should also note that the picture / images show only our serving suggestions of how to serve or prepare your food – all accessories and additional items and/or ingredients pictured with the product you are purchasing are not included.",
                "This information is supplied for your personal use only. It may not be reproduced in any way without the prior consent of Sainsbury's Supermarkets Ltd and due acknowledgement"
            ],
            "attachments": [],
            "categories": [
                {
                    "id": "210813",
                    "name": "Washing up liquids"
                },
                {
                    "id": "355373",
                    "name": "New"
                },
                {
                    "id": "419372",
                    "name": "New"
                },
                {
                    "id": "419537",
                    "name": "New"
                }
            ],
            "attributes": {
                "brand": [
                    "Fairy"
                ]
            },
            "is_supply_chain_orderable": false,
            "display_icons": [
                "NewProduct"
            ],
            "pdp_deep_link": "/shop/ProductDisplay?storeId=10151\u0026langId=44\u0026productId=1560038"
        },
        {
            "product_uid": "8215807",
            "favourite_uid": null,
            "eans": [
                "8700216586139"
            ],
            "product_type": "BASIC",
            "name": "Fairy Non Bio Platinum Pods Washing Liquid Capsules 44 Washes",
            "image": "https://www.sainsburys.co.uk/wcsstore/ExtendedSitesCatalogAssetStore/images/catalog/productImages/39/8700216586139/8700216586139_L.jpeg",
            "image_zoom": null,
            "image_thumbnail": "https://www.sainsburys.co.uk/wcsstore/ExtendedSitesCatalogAssetStore/images/catalog/productImages/39/8700216586139/8700216586139_M.jpeg",
            "image_thumbnail_small": "https://www.sainsburys.co.uk/wcsstore/ExtendedSitesCatalogAssetStore/images/catalog/productImages/39/8700216586139/8700216586139_S.jpeg",
            "full_url": "https://www.sainsburys.co.uk/shop/gb/groceries/product/details/ariel-platinum-pods-washing-liquid-capsules-44-washes",
            "unit_price": {
                "price": 12.59,
                "measure": "kg",
                "measure_amount": 1
            },
            "retail_price": {
                "price": 10.5,
                "measure": "unit"
            },
            "nectar_price": {
                "retail_price": 10.5,
                "unit_price": 11.02,
                "measure": "unit",
                "url": "https://www.sainsburys.co.uk/shop/gb/groceries/new---trending/nectar-prices",
                "category_seo_url": "gb/groceries/new---trending/nectar-prices"
            },
            "is_available": true,
            "promotions": [
                {
                    "promotion_uid": "10670819",
                    "icon": "https://www.sainsburys.co.uk/wcsstore/Sainsburys/Promotion assets/Promotion icons/Buy_X_For_Y_Amt_S_Icon.gif",
                    "link": "/gol-ui/promo-lister/10670819",
                    "strap_line": "Buy 1 for 10.5",
                    "start_date": "2025-02-12T00:00:00Z",
                    "end_date": "2025-03-04T00:00:00Z",
                    "original_price": 12,
                    "promo_mechanic_id": "99",
                    "is_nectar": true,
                    "promo_type": "SIMPLE_FIXED_PRICE",
                    "promo_group": "simple"
                }
            ],
            "associations": [],
            "is_alcoholic": false,
            "is_spotlight": false,
            "is_intolerant": false,
            "is_mhra": false,
            "badges": [],
            "labels": [
                {
                    "label_uid": "NewProduct",
                    "text": "New",
                    "alt_text": "New",
                    "color": "#00A9CF",
                    "link_opens_in_new_window": true
                }
            ],
            "zone": null,
            "department": null,
            "reviews": {
                "is_enabled": true,
                "product_uid": "8215807",
                "total": 0,
                "average_rating": 0
            },
            "breadcrumbs": [],
            "assets": {
                "plp_image": "https://assets.sainsburys-groceries.co.uk/gol/8215807/image.jpg",
                "images": [],
                "video": []
            },
            "description": [],
            "important_information": [
                "The above details have been prepared to help you select suitable products. Products and their ingredients are liable to change.",
                "\u003cstrong\u003eYou should always read the label before consuming or using the product and never rely solely on the information presented here.",
                "If you require specific advice on any Sainsbury's branded product, please contact our Customer Careline on 0800 636262. For all other products, please contact the manufacturer, whose details will appear on the packaging or label. Sainsbury's is therefore unable to accept liability for any incorrect information.",
                "You should also note that the picture / images show only our serving suggestions of how to serve or prepare your food – all accessories and additional items and/or ingredients pictured with the product you are purchasing are not included.",
                "This information is supplied for your personal use only. It may not be reproduced in any way without the prior consent of Sainsbury's Supermarkets Ltd and due acknowledgement"
            ],
            "attachments": [],
            "categories": [
                {
                    "id": "18667",
                    "name": "Special offers"
                },
                {
                    "id": "209255",
                    "name": "All detergents \u0026 washing powder"
                },
                {
                    "id": "209258",
                    "name": "Capsules"
                },
                {
                    "id": "355373",
                    "name": "New"
                },
                {
                    "id": "410357",
                    "name": "Special offers"
                },
                {
                    "id": "419372",
                    "name": "New"
                },
                {
                    "id": "419449",
                    "name": "New"
                }
            ],
            "header": {
                "text": "Nectar price",
                "type": "NECTAR"
            },
            "attributes": {
                "brand": [
                    "Ariel"
                ]
            },
            "is_supply_chain_orderable": false,
            "display_icons": [
                "NewProduct"
            ],
            "pdp_deep_link": "/shop/ProductDisplay?storeId=10151\u0026langId=44\u0026productId=1559600"
        },
        {
            "product_uid": "8215813",
            "favourite_uid": null,
            "eans": [
                "8700216713542"
            ],
            "product_type": "BASIC",
            "name": "Fairy Non Bio The Big One Pods Washing Liquid Capsules 21 Washes",
            "image": "https://www.sainsburys.co.uk/wcsstore/ExtendedSitesCatalogAssetStore/images/catalog/productImages/42/8700216713542/8700216713542_L.jpeg",
            "image_zoom": null,
            "image_thumbnail": "https://www.sainsburys.co.uk/wcsstore/ExtendedSitesCatalogAssetStore/images/catalog/productImages/42/8700216713542/8700216713542_M.jpeg",
            "image_thumbnail_small": "https://www.sainsburys.co.uk/wcsstore/ExtendedSitesCatalogAssetStore/images/catalog/productImages/42/8700216713542/8700216713542_S.jpeg",
            "full_url": "https://www.sainsburys.co.uk/shop/gb/groceries/product/details/fairy-non-bio-the-big-one-pods-29-washes",
            "unit_price": {
                "price": 12.09,
                "measure": "kg",
                "measure_amount": 1
            },
            "retail_price": {
                "price": 11,
                "measure": "unit"
            },
            "nectar_price": {
                "retail_price": 11,
                "unit_price": 9.17,
                "measure": "unit",
                "url": "https://www.sainsburys.co.uk/shop/gb/groceries/new---trending/nectar-prices",
                "category_seo_url": "gb/groceries/new---trending/nectar-prices"
            },
            "is_available": true,
            "promotions": [
                {
                    "promotion_uid": "10670948",
                    "icon": "https://www.sainsburys.co.uk/wcsstore/Sainsburys/Promotion assets/Promotion icons/Buy_X_For_Y_Amt_S_Icon.gif",
                    "link": "/gol-ui/promo-lister/10670948",
                    "strap_line": "Buy 1 for 11",
                    "start_date": "2025-02-12T00:00:00Z",
                    "end_date": "2025-03-04T00:00:00Z",
                    "original_price": 14.5,
                    "promo_mechanic_id": "99",
                    "is_nectar": true,
                    "promo_type": "SIMPLE_FIXED_PRICE",
                    "promo_group": "simple"
                }
            ],
            "associations": [],
            "is_alcoholic": false,
            "is_spotlight": false,
            "is_intolerant": false,
            "is_mhra": false,
            "badges": [],
            "labels": [
                {
                    "label_uid": "NewProduct",
                    "text": "New",
                    "alt_text": "New",
                    "color": "#00A9CF",
                    "link_opens_in_new_window": true
                }
            ],
            "zone": null,
            "department": null,
            "reviews": {
                "is_enabled": true,
                "product_uid": "8215813",
                "total": 292,
                "average_rating": 4.9623
            },
            "breadcrumbs": [],
            "assets": {
                "plp_image": "https://assets.sainsburys-groceries.co.uk/gol/8215813/image.jpg",
                "images": [],
                "video": []
            },
            "description": [],
            "important_information": [
                "The above details have been prepared to help you select suitable products. Products and their ingredients are liable to change.",
                "\u003cstrong\u003eYou should always read the label before consuming or using the product and never rely solely on the information presented here.",
                "If you require specific advice on any Sainsbury's branded product, please contact our Customer Careline on 0800 636262. For all other products, please contact the manufacturer, whose details will appear on the packaging or label. Sainsbury's is therefore unable to accept liability for any incorrect information.",
                "You should also note that the picture / images show only our serving suggestions of how to serve or prepare your food – all accessories and additional items and/or ingredients pictured with the product you are purchasing are not included.",
                "This information is supplied for your personal use only. It may not be reproduced in any way without the prior consent of Sainsbury's Supermarkets Ltd and due acknowledgement"
            ],
            "attachments": [],
            "categories": [
                {
                    "id": "18667",
                    "name": "Special offers"
                },
                {
                    "id": "209255",
                    "name": "All detergents \u0026 washing powder"
                },
                {
                    "id": "209258",
                    "name": "Capsules"
                },
                {
                    "id": "355373",
                    "name": "New"
                },
                {
                    "id": "410357",
                    "name": "Special offers"
                },
                {
                    "id": "419372",
                    "name": "New"
                },
                {
                    "id": "419449",
                    "name": "New"
                }
            ],
            "header": {
                "text": "Nectar price",
                "type": "NECTAR"
            },
            "attributes": {
                "brand": [
                    "Fairy"
                ]
            },
            "is_supply_chain_orderable": false,
            "display_icons": [
                "NewProduct"
            ],
            "pdp_deep_link": "/shop/ProductDisplay?storeId=10151\u0026langId=44\u0026productId=1559606"
        },
        {
            "product_uid": "8215801",
            "favourite_uid": null,
            "eans": [
                "8700216713627"
            ],
            "product_type": "BASIC",
            "name": "Fairy Non Bio The Big One Pods Washing Liquid Capsules 21 Washes",
            "image": "https://www.sainsburys.co.uk/wcsstore/ExtendedSitesCatalogAssetStore/images/catalog/productImages/27/8700216713627/8700216713627_L.jpeg",
            "image_zoom": null,
            "image_thumbnail": "https://www.sainsburys.co.uk/wcsstore/ExtendedSitesCatalogAssetStore/images/catalog/productImages/27/8700216713627/8700216713627_M.jpeg",
            "image_thumbnail_small": "https://www.sainsburys.co.uk/wcsstore/ExtendedSitesCatalogAssetStore/images/catalog/productImages/27/8700216713627/8700216713627_S.jpeg",
            "full_url": "https://www.sainsburys.co.uk/shop/gb/groceries/product/details/fairy-non-bio-the-big-one-pods-21-washes",
            "unit_price": {
                "price": 13.82,
                "measure": "kg",
                "measure_amount": 1
            },
            "retail_price": {
                "price": 12,
                "measure": "unit"
            },
            "is_available": true,
            "promotions": [],
            "associations": [],
            "is_alcoholic": false,
            "is_spotlight": false,
            "is_intolerant": false,
            "is_mhra": false,
            "badges": [],
            "labels": [
                {
                    "label_uid": "NewProduct",
                    "text": "New",
                    "alt_text": "New",
                    "color": "#00A9CF",
                    "link_opens_in_new_window": true
                }
            ],
            "zone": null,
            "department": null,
            "reviews": {
                "is_enabled": true,
                "product_uid": "8215801",
                "total": 292,
                "average_rating": 4.9623
            },
            "breadcrumbs": [],
            "assets": {
                "plp_image": "https://assets.sainsburys-groceries.co.uk/gol/8215801/image.jpg",
                "images": [],
                "video": []
            },
            "description": [],
            "important_information": [
                "The above details have been prepared to help you select suitable products. Products and their ingredients are liable to change.",
                "\u003cstrong\u003eYou should always read the label before consuming or using the product and never rely solely on the information presented here.",
                "If you require specific advice on any Sainsbury's branded product, please contact our Customer Careline on 0800 636262. For all other products, please contact the manufacturer, whose details will appear on the packaging or label. Sainsbury's is therefore unable to accept liability for any incorrect information.",
                "You should also note that the picture / images show only our serving suggestions of how to serve or prepare your food – all accessories and additional items and/or ingredients pictured with the product you are purchasing are not included.",
                "This information is supplied for your personal use only. It may not be reproduced in any way without the prior consent of Sainsbury's Supermarkets Ltd and due acknowledgement"
            ],
            "attachments": [],
            "categories": [
                {
                    "id": "209255",
                    "name": "All detergents \u0026 washing powder"
                },
                {
                    "id": "209258",
                    "name": "Capsules"
                },
                {
                    "id": "355373",
                    "name": "New"
                },
                {
                    "id": "419372",
                    "name": "New"
                },
                {
                    "id": "419449",
                    "name": "New"
                }
            ],
            "attributes": {
                "brand": [
                    "Fairy"
                ]
            },
            "is_supply_chain_orderable": false,
            "display_icons": [
                "NewProduct"
            ],
            "pdp_deep_link": "/shop/ProductDisplay?storeId=10151\u0026langId=44\u0026productId=1559594"
        },
        {
            "product_uid": "6972040",
            "favourite_uid": null,
            "eans": [
                "8006540584767",
                "5410076708635",
                "8700216332095",
                "5413149696853"
            ],
            "product_type": "BASIC",
            "name": "Fairy Non Bio Detergent Washing Gel 26 Washes",
            "image": "https://www.sainsburys.co.uk/wcsstore/ExtendedSitesCatalogAssetStore/images/catalog/productImages/67/8006540584767/8006540584767_L.jpeg",
            "image_zoom": null,
            "image_thumbnail": "https://www.sainsburys.co.uk/wcsstore/ExtendedSitesCatalogAssetStore/images/catalog/productImages/67/8006540584767/8006540584767_M.jpeg",
            "image_thumbnail_small": "https://www.sainsburys.co.uk/wcsstore/ExtendedSitesCatalogAssetStore/images/catalog/productImages/67/8006540584767/8006540584767_S.jpeg",
            "full_url": "https://www.sainsburys.co.uk/shop/gb/groceries/product/details/fairy-non-bio-washing-liquid-gel-for-sensitive-skin-888ml-24-washes-",
            "unit_price": {
                "price": 7.74,
                "measure": "ltr",
                "measure_amount": 1
            },
            "retail_price": {
                "price": 6.5,
                "measure": "unit"
            },
            "is_available": true,
            "promotions": [],
            "associations": [],
            "is_alcoholic": false,
            "is_spotlight": false,
            "is_intolerant": false,
            "is_mhra": false,
            "badges": [],
            "labels": [],
            "zone": null,
            "department": null,
            "reviews": {
                "is_enabled": true,
                "product_uid": "6972040",
                "total": 6681,
                "average_rating": 4.7839
            },
            "breadcrumbs": [],
            "assets": {
                "plp_image": "https://assets.sainsburys-groceries.co.uk/gol/6972040/image.jpg",
                "images": [],
                "video": []
            },
            "description": [],
            "important_information": [
                "The above details have been prepared to help you select suitable products. Products and their ingredients are liable to change.",
                "\u003cstrong\u003eYou should always read the label before consuming or using the product and never rely solely on the information presented here.",
                "If you require specific advice on any Sainsbury's branded product, please contact our Customer Careline on 0800 636262. For all other products, please contact the manufacturer, whose details will appear on the packaging or label. Sainsbury's is therefore unable to accept liability for any incorrect information.",
                "You should also note that the picture / images show only our serving suggestions of how to serve or prepare your food – all accessories and additional items and/or ingredients pictured with the product you are purchasing are not included.",
                "This information is supplied for your personal use only. It may not be reproduced in any way without the prior consent of Sainsbury's Supermarkets Ltd and due acknowledgement"
            ],
            "attachments": [],
            "categories": [
                {
                    "id": "209255",
                    "name": "All detergents \u0026 washing powder"
                },
                {
                    "id": "209257",
                    "name": "Liquids \u0026 gels"
                },
                {
                    "id": "417391",
                    "name": "Price lockdown"
                },
                {
                    "id": "448377",
                    "name": "Low everyday prices"
                },
                {
                    "id": "510370",
                    "name": "Baby laundry"
                }
            ],
            "attributes": {
                "brand": [
                    "Fairy"
                ]
            },
            "is_supply_chain_orderable": false,
            "display_icons": [],
            "pdp_deep_link": "/shop/ProductDisplay?storeId=10151\u0026langId=44\u0026productId=94600"
        },
        {
            "product_uid": "7898811",
            "favourite_uid": null,
            "eans": [
                "8001090670823",
                "8001841673288",
                "8700216332163",
                "8006540584736"
            ],
            "product_type": "BASIC",
            "name": "Fairy Non Bio Detergent Washing Gel 42 Washes",
            "image": "https://www.sainsburys.co.uk/wcsstore/ExtendedSitesCatalogAssetStore/images/catalog/productImages/36/8006540584736/8006540584736_L.jpeg",
            "image_zoom": null,
            "image_thumbnail": "https://www.sainsburys.co.uk/wcsstore/ExtendedSitesCatalogAssetStore/images/catalog/productImages/36/8006540584736/8006540584736_M.jpeg",
            "image_thumbnail_small": "https://www.sainsburys.co.uk/wcsstore/ExtendedSitesCatalogAssetStore/images/catalog/productImages/36/8006540584736/8006540584736_S.jpeg",
            "full_url": "https://www.sainsburys.co.uk/shop/gb/groceries/product/details/fairy-non-bio-washing-liquid-gel-for-sensitive-skin-1406l-38-washes-",
            "unit_price": {
                "price": 7.35,
                "measure": "ltr",
                "measure_amount": 1
            },
            "retail_price": {
                "price": 8,
                "measure": "unit"
            },
            "nectar_price": {
                "retail_price": 8,
                "unit_price": 6.53,
                "measure": "unit",
                "url": "https://www.sainsburys.co.uk/shop/gb/groceries/new---trending/nectar-prices",
                "category_seo_url": "gb/groceries/new---trending/nectar-prices"
            },
            "is_available": true,
            "promotions": [
                {
                    "promotion_uid": "10670934",
                    "icon": "https://www.sainsburys.co.uk/wcsstore/Sainsburys/Promotion assets/Promotion icons/Buy_X_For_Y_Amt_S_Icon.gif",
                    "link": "/gol-ui/promo-lister/10670934",
                    "strap_line": "Buy 1 for 8",
                    "start_date": "2025-02-12T00:00:00Z",
                    "end_date": "2025-03-04T00:00:00Z",
                    "original_price": 9,
                    "promo_mechanic_id": "99",
                    "is_nectar": true,
                    "promo_type": "SIMPLE_FIXED_PRICE",
                    "promo_group": "simple"
                }
            ],
            "associations": [],
            "is_alcoholic": false,
            "is_spotlight": false,
            "is_intolerant": false,
            "is_mhra": false,
            "badges": [],
            "labels": [],
            "zone": null,
            "department": null,
            "reviews": {
                "is_enabled": true,
                "product_uid": "7898811",
                "total": 6681,
                "average_rating": 4.7839
            },
            "breadcrumbs": [],
            "assets": {
                "plp_image": "https://assets.sainsburys-groceries.co.uk/gol/7898811/image.jpg",
                "images": [],
                "video": []
            },
            "description": [],
            "important_information": [
                "The above details have been prepared to help you select suitable products. Products and their ingredients are liable to change.",
                "\u003cstrong\u003eYou should always read the label before consuming or using the product and never rely solely on the information presented here.",
                "If you require specific advice on any Sainsbury's branded product, please contact our Customer Careline on 0800 636262. For all other products, please contact the manufacturer, whose details will appear on the packaging or label. Sainsbury's is therefore unable to accept liability for any incorrect information.",
                "You should also note that the picture / images show only our serving suggestions of how to serve or prepare your food – all accessories and additional items and/or ingredients pictured with the product you are purchasing are not included.",
                "This information is supplied for your personal use only. It may not be reproduced in any way without the prior consent of Sainsbury's Supermarkets Ltd and due acknowledgement"
            ],
            "attachments": [],
            "categories": [
                {
                    "id": "18667",
                    "name": "Special offers"
                },
                {
                    "id": "209255",
                    "name": "All detergents \u0026 washing powder"
                },
                {
                    "id": "209257",
                    "name": "Liquids \u0026 gels"
                },
                {
                    "id": "410357",
                    "name": "Special offers"
                },
                {
                    "id": "510370",
                    "name": "Baby laundry"
                },
                {
                    "id": "524856",
                    "name": "Heroes cards"
                },
                {
                    "id": "558855",
                    "name": "Back to uni"
                }
            ],
            "header": {
                "text": "Nectar price",
                "type": "NECTAR"
            },
            "attributes": {
                "brand": [
                    "Fairy"
                ]
            },
            "is_supply_chain_orderable": false,
            "display_icons": [],
            "pdp_deep_link": "/shop/ProductDisplay?storeId=10151\u0026langId=44\u0026productId=1237738"
        },
        {
            "product_uid": "8163406",
            "favourite_uid": null,
            "eans": [
                "8700216206532"
            ],
            "product_type": "BASIC",
            "name": "Fairy Non Bio Platinum Silk Tree Blossom \u0026 Jasmine Washing Gel 38 Washes",
            "image": "https://www.sainsburys.co.uk/wcsstore/ExtendedSitesCatalogAssetStore/images/catalog/productImages/32/8700216206532/8700216206532_L.jpeg",
            "image_zoom": null,
            "image_thumbnail": "https://www.sainsburys.co.uk/wcsstore/ExtendedSitesCatalogAssetStore/images/catalog/productImages/32/8700216206532/8700216206532_M.jpeg",
            "image_thumbnail_small": "https://www.sainsburys.co.uk/wcsstore/ExtendedSitesCatalogAssetStore/images/catalog/productImages/32/8700216206532/8700216206532_S.jpeg",
            "full_url": "https://www.sainsburys.co.uk/shop/gb/groceries/product/details/fairy-non-bio-platinum-silk-tree-blossom-jasmine-gel-38-washes-1254ml",
            "unit_price": {
                "price": 7.2,
                "measure": "ltr",
                "measure_amount": 1
            },
            "retail_price": {
                "price": 9.5,
                "measure": "unit"
            },
            "is_available": true,
            "promotions": [],
            "associations": [],
            "is_alcoholic": false,
            "is_spotlight": false,
            "is_intolerant": false,
            "is_mhra": false,
            "badges": [],
            "labels": [],
            "zone": null,
            "department": null,
            "reviews": {
                "is_enabled": true,
                "product_uid": "8163406",
                "total": 1742,
                "average_rating": 4.8289
            },
            "breadcrumbs": [],
            "assets": {
                "plp_image": "https://assets.sainsburys-groceries.co.uk/gol/8163406/image.jpg",
                "images": [],
                "video": []
            },
            "description": [],
            "important_information": [
                "The above details have been prepared to help you select suitable products. Products and their ingredients are liable to change.",
                "\u003cstrong\u003eYou should always read the label before consuming or using the product and never rely solely on the information presented here.",
                "If you require specific advice on any Sainsbury's branded product, please contact our Customer Careline on 0800 636262. For all other products, please contact the manufacturer, whose details will appear on the packaging or label. Sainsbury's is therefore unable to accept liability for any incorrect information.",
                "You should also note that the picture / images show only our serving suggestions of how to serve or prepare your food – all accessories and additional items and/or ingredients pictured with the product you are purchasing are not included.",
                "This information is supplied for your personal use only. It may not be reproduced in any way without the prior consent of Sainsbury's Supermarkets Ltd and due acknowledgement"
            ],
            "attachments": [],
            "categories": [
                {
                    "id": "209255",
                    "name": "All detergents \u0026 washing powder"
                },
                {
                    "id": "209257",
                    "name": "Liquids \u0026 gels"
                },
                {
                    "id": "510370",
                    "name": "Baby laundry"
                }
            ],
            "attributes": {
                "brand": [
                    "Fairy"
                ]
            },
            "is_supply_chain_orderable": false,
            "display_icons": [],
            "pdp_deep_link": "/shop/ProductDisplay?storeId=10151\u0026langId=44\u0026productId=1495542"
        },
        {
            "product_uid": "8163805",
            "favourite_uid": null,
            "eans": [
                "8700216206563"
            ],
            "product_type": "BASIC",
            "name": "Fairy Non Bio Platinum Silk Tree Blossom\u0026 Jasmine Gel 27 Washes 891ml",
            "image": "https://www.sainsburys.co.uk/wcsstore/ExtendedSitesCatalogAssetStore/images/catalog/productImages/63/8700216206563/8700216206563_L.jpeg",
            "image_zoom": null,
            "image_thumbnail": "https://www.sainsburys.co.uk/wcsstore/ExtendedSitesCatalogAssetStore/images/catalog/productImages/63/8700216206563/8700216206563_M.jpeg",
            "image_thumbnail_small": "https://www.sainsburys.co.uk/wcsstore/ExtendedSitesCatalogAssetStore/images/catalog/productImages/63/8700216206563/8700216206563_S.jpeg",
            "full_url": "https://www.sainsburys.co.uk/shop/gb/groceries/product/details/fairy-non-bio-platinum-silk-tree-blossom-jasmine-gel-27-washes-891ml",
            "unit_price": {
                "price": 7.94,
                "measure": "ltr",
                "measure_amount": 1
            },
            "retail_price": {
                "price": 6.5,
                "measure": "unit"
            },
            "nectar_price": {
                "retail_price": 6.5,
                "unit_price": 6.88,
                "measure": "unit",
                "url": "https://www.sainsburys.co.uk/shop/gb/groceries/new---trending/nectar-prices",
                "category_seo_url": "gb/groceries/new---trending/nectar-prices"
            },
            "is_available": true,
            "promotions": [
                {
                    "promotion_uid": "10671416",
                    "icon": "https://www.sainsburys.co.uk/wcsstore/Sainsburys/Promotion assets/Promotion icons/Buy_X_For_Y_Amt_S_Icon.gif",
                    "link": "/gol-ui/promo-lister/10671416",
                    "strap_line": "Buy 1 for 6.5",
                    "start_date": "2025-02-12T00:00:00Z",
                    "end_date": "2025-03-04T00:00:00Z",
                    "original_price": 7.5,
                    "promo_mechanic_id": "99",
                    "is_nectar": true,
                    "promo_type": "SIMPLE_FIXED_PRICE",
                    "promo_group": "simple"
                }
            ],
            "associations": [],
            "is_alcoholic": false,
            "is_spotlight": false,
            "is_intolerant": false,
            "is_mhra": false,
            "badges": [],
            "labels": [],
            "zone": null,
            "department": null,
            "reviews": {
                "is_enabled": true,
                "product_uid": "8163805",
                "total": 1739,
                "average_rating": 4.8286
            },
            "breadcrumbs": [],
            "assets": {
                "plp_image": "https://assets.sainsburys-groceries.co.uk/gol/8163805/image.jpg",
                "images": [],
                "video": []
            },
            "description": [],
            "important_information": [
                "The above details have been prepared to help you select suitable products. Products and their ingredients are liable to change.",
                "\u003cstrong\u003eYou should always read the label before consuming or using the product and never rely solely on the information presented here.",
                "If you require specific advice on any Sainsbury's branded product, please contact our Customer Careline on 0800 636262. For all other products, please contact the manufacturer, whose details will appear on the packaging or label. Sainsbury's is therefore unable to accept liability for any incorrect information.",
                "You should also note that the picture / images show only our serving suggestions of how to serve or prepare your food – all accessories and additional items and/or ingredients pictured with the product you are purchasing are not included.",
                "This information is supplied for your personal use only. It may not be reproduced in any way without the prior consent of Sainsbury's Supermarkets Ltd and due acknowledgement"
            ],
            "attachments": [],
            "categories": [
                {
                    "id": "18667",
                    "name": "Special offers"
                },
                {
                    "id": "209255",
                    "name": "All detergents \u0026 washing powder"
                },
                {
                    "id": "209257",
                    "name": "Liquids \u0026 gels"
                },
                {
                    "id": "410357",
                    "name": "Special offers"
                },
                {
                    "id": "510370",
                    "name": "Baby laundry"
                }
            ],
            "header": {
                "text": "Nectar price",
                "type": "NECTAR"
            },
            "attributes": {
                "brand": [
                    "Fairy"
                ]
            },
            "is_supply_chain_orderable": false,
            "display_icons": [],
            "pdp_deep_link": "/shop/ProductDisplay?storeId=10151\u0026langId=44\u0026productId=1496576"
        }
    ],
    "controls": {
        "sort": {
            "active": "FAVOURITES_FIRST",
            "options": [
                {
                    "display": "Relevance",
                    "value": "FAVOURITES_FIRST"
                },
                {
                    "display": "Price - Low to High",
                    "value": "PRICE_ASC"
                },
                {
                    "display": "Price - High to Low",
                    "value": "PRICE_DESC"
                },
                {
                    "display": "Product Name - A to Z",
                    "value": "NAME_ASC"
                },
                {
                    "display": "Product Name - Z to A",
                    "value": "NAME_DESC"
                },
                {
                    "display": "Top Sellers",
                    "value": "TOP_SELLERS"
                },
                {
                    "display": "Ratings - High to Low",
                    "value": "RATINGS_DESC"
                }
            ]
        },
        "total_record_count": 42,
        "returned_record_count": 42,
        "page": {
            "active": 1,
            "first": 1,
            "last": 1,
            "size": 60,
            "size_options": [
                30,
                60,
                90
            ]
        },
        "filters": [
            {
                "key": "nav_Filter-Your-Results",
                "label": "Filter Your Results",
                "type": "MULTI_SELECT",
                "values": [
                    {
                        "id": "87",
                        "label": "Favourites",
                        "value": "Favourites",
                        "selected": false,
                        "enabled": false
                    },
                    {
                        "id": "86",
                        "label": "New",
                        "value": "New",
                        "selected": false,
                        "enabled": true
                    },
                    {
                        "id": "88",
                        "label": "Offers \u0026 Nectar Prices",
                        "value": "Offers",
                        "selected": false,
                        "enabled": true
                    }
                ]
            },
            {
                "key": "nav_Brand",
                "label": "Brand",
                "type": "MULTI_SELECT",
                "values": [
                    {
                        "id": "4294966382",
                        "label": "Fairy",
                        "value": "Fairy",
                        "selected": false,
                        "enabled": true
                    },
                    {
                        "id": "4294962925",
                        "label": "Ariel",
                        "value": "Ariel",
                        "selected": false,
                        "enabled": true
                    }
                ]
            },
            {
                "key": "cat_Category",
                "label": "Category",
                "type": "SINGLE_SELECT",
                "values": [
                    {
                        "label": "All Categories",
                        "value": "all",
                        "selected": true,
                        "enabled": true
                    },
                    {
                        "id": "11651",
                        "label": "Baby \u0026 toddler",
                        "value": "baby-toddler-products",
                        "selected": false,
                        "enabled": true
                    },
                    {
                        "id": "12564",
                        "label": "Household",
                        "value": "household",
                        "selected": false,
                        "enabled": true
                    },
                    {
                        "id": "355372",
                        "label": "Seasonal inspiration",
                        "value": "new---trending",
                        "selected": false,
                        "enabled": true
                    }
                ]
            },
            {
                "key": "subcat_SubCategory",
                "label": "SubCategory",
                "type": "SINGLE_SELECT",
                "values": [
                    {
                        "label": "All Subcategories",
                        "value": "all",
                        "selected": true,
                        "enabled": false
                    }
                ]
            },
            {
                "key": "aisle_Aisle",
                "label": "Aisle",
                "type": "SINGLE_SELECT",
                "values": [
                    {
                        "label": "All Aisles",
                        "value": "all",
                        "selected": true,
                        "enabled": false
                    }
                ]
            },
            {
                "key": "shelf_Shelf",
                "label": "Shelf",
                "type": "SINGLE_SELECT",
                "values": [
                    {
                        "label": "All Shelves",
                        "value": "all",
                        "selected": true,
                        "enabled": false
                    }
                ]
            }
        ]
    }
}